3732 5802
638 542 711 604 Doc.
736 551 805 619 107.
829 577 873 588 -
895 545 951 609 An.
974 556 1059 623 1513.
1132 537 1136 546 '
1425 569 1459 611 η
1466 572 1480 629 5

214 765 466 829 immemorabili
490 780 521 829 et
544 768 635 831 cuius
658 769 746 832 inicii
769 771 926 833 memoria
952 771 1123 834 hominum
1147 792 1212 836 non
1237 787 1346 855 exstat,
1371 776 1483 858 persti-

214 873 335 952 tissent,
360 892 417 954 per
448 892 556 935 cruces
587 873 619 935 in
653 887 734 938 terra
759 875 826 958 ipsa
849 876 960 938 multis
984 877 1016 938 in
1041 877 1121 940 locis
1144 877 1234 941 factis
1258 893 1289 942 et
1315 882 1483 962 excavatis,

214 978 363 1060 palisque
383 992 414 1040 et
429 979 548 1041 troncis
564 980 728 1060 arborum,
746 993 842 1064 atque
858 982 994 1044 aliarum
1007 983 1212 1046 materiarum
1230 985 1351 1048 ibidem
1369 985 1483 1068 infixis,

216 1097 462 1167 presumptuose
484 1092 518 1147 et'
534 1100 645 1149 contra
665 1086 733 1168 jura
750 1088 859 1150 omnia
876 1088 985 1150 divina
1002 1101 1033 1150 et
1048 1089 1200 1172 humans,
1217 1089 1344 1172 injuste,
1361 1093 1482 1174 inique,

213 1190 324 1252 illicite
348 1203 381 1252 et
403 1191 544 1254 indebite
568 1194 729 1276 occupari,
746 1195 890 1276 usurpari
916 1207 947 1257 et
969 1195 1030 1257 sibi
1055 1195 1114 1277 ipsi
1138 1197 1300 1259 vendicari
1325 1197 1483 1279 fecissent,

180 1345 183 1349 .
214 1298 363 1378 potencia
387 1298 548 1361 mediante
569 1299 602 1362 in
624 1301 838 1382 preiudicium
855 1314 886 1363 et
902 1300 1080 1384 dampnum
1098 1301 1257 1364 dictorum
1275 1304 1483 1368 dominorum

214 1405 444 1466 canonicorum
483 1420 514 1467 et
552 1407 681 1489 capituli
722 1407 815 1469 valde
850 1426 1014 1488 magnum.
1052 1407 1144 1470 Unde
1179 1407 1260 1471 facta
1296 1409 1482 1473 huiusmodi

214 1510 459 1592 protestacione,
483 1525 653 1575 annotatus
684 1513 835 1594 magister
865 1512 1027 1576 lohannes
1056 1533 1115 1576 suo
1147 1535 1183 1576 ac
1215 1534 1353 1597 quorum
1385 1535 1480 1598 supra

215 1614 415 1695 nominibus,
439 1629 653 1679 memoratum
678 1618 848 1680 dominum
873 1620 1078 1682 Franciscum
1099 1620 1216 1682 Ketzer
1236 1633 1267 1683 et
1287 1621 1367 1683 alios
1387 1640 1483 1703 quos·

215 1720 293 1782 libet
316 1722 357 1782 ab
381 1721 568 1784 huiusmodi
593 1722 709 1806 injusta
729 1723 887 1787 dictarum
902 1738 1058 1788 terrarum
1079 1725 1114 1788 et‘
1129 1727 1233 1809 campi
1254 1727 1482 1810 occupacione,

216 1828 430 1910 usurpacione
462 1848 498 1890 ac
529 1828 674 1892 ulteriori
702 1829 892 1894 detencione
916 1843 948 1893 et
970 1831 1229 1912 conservacione,
1253 1831 1482 1912 usufruicione,

214 1931 441 2016 fructuumque
465 1955 501 1999 ac
525 1936 742 2017 quarumlibet
765 1936 939 1998 utilitatum
964 1936 1078 2000 exinde
1099 1938 1310 2020 percepcione
1332 1959 1389 2002 seu
1411 1958 1482 2021 per·

146 2052 148 2056 ’
213 2038 433 2122 cipifaccione,
455 2061 554 2124 seque
577 2042 610 2103 in
635 2040 817 2104 dominium
841 2042 986 2104 eiusdem
1010 2055 1041 2104 et
1065 2042 1145 2105 alios
1168 2043 1356 2107 earumdem
1383 2064 1479 2126 quos·

214 2165 342 2228 cunque
367 2147 606 2210 intromissione
630 2161 662 2211 et
682 2148 743 2210 sibi
765 2149 825 2230 ipsi
849 2148 1113 2231 appropriacione
1137 2149 1170 2210 in
1190 2149 1403 2232 prciudicium
1428 2169 1481 2214 eo·

213 2251 366 2316 rumdem'
382 2254 611 2337 exponentium
633 2253 723 2317 factis
740 2253 976 2337 quoquomodo
998 2254 1048 2316 vel
1071 2253 1185 2317 fiendis
1201 2255 1340 2318 inhibuit
1356 2268 1480 2319 contra·
1539 2259 1541 2263 ’

213 2357 352 2422 dicendo
383 2373 414 2422 et
437 2360 629 2424 contradixit
653 2360 830 2423 inhibendo
853 2361 983 2442 publice
1007 2373 1038 2423 et
1061 2359 1228 2423 manifeste
1253 2381 1361 2424 coram
1386 2363 1480 2425 nobis

212 2465 399 2528 testimonio
430 2466 630 2550 presencium
660 2465 833 2530 mediante.
857 2465 977 2528 Datum
1002 2464 1139 2530 infesto
1164 2467 1321 2530 adventus
1345 2467 1481 2551 Spiritus

212 2569 348 2633 domini.
372 2574 469 2635 Anno
493 2572 637 2635 eiusdem
661 2571 834 2634 millesimo
859 2571 1119 2654 quingentesimo
1142 2571 1329 2636 tredecimo.

318 2692 455 2758 Originale
481 2693 506 2746 in
531 2697 630 2752 charta,
656 2695 682 2746 lo
707 2695 806 2746 archiv.
831 2709 889 2746 ven.
915 2693 1000 2758 Capit.
1026 2696 1132 2759 zsgrab.
1157 2695 1213 2748 het.
1240 2695 1319 2760 capit.
1344 2701 1396 2750 ant.
1417 2697 1481 2748 fasc.

212 2781 252 2832 23.
274 2795 312 2832 nr.
332 2784 374 2834 49.

807 3017 891 3084 10‘1.

219 3157 375 3232 Georgius,
407 3161 537 3218 marcln'o
573 3161 875 3234 Brandembnrgensis,
908 3160 1135 3218 communitatem
1168 3160 1293 3218 croian's
1326 3168 1422 3235 rogat,
1451 3169 1485 3219 ut

222 3264 375 3322 Valentino
401 3267 537 3342 ferraria
566 3270 765 3326 concessionem
796 3265 959 3340 emigrandi
985 3265 1033 3322 det
1062 3273 1148 3339 atque
1177 3267 1307 3324 enitatur
1333 3275 1367 3324 ut
1396 3270 1481 3325 etiam

593 3367 746 3459 creditores
772 3375 800 3430 ei
821 3371 914 3430 debita
933 3371 1109 3444 persolvant.

317 3510 391 3562 Auno
414 3511 488 3575 1513,
511 3513 549 3564 18.
570 3509 640 3564 mali.
661 3511 809 3564 Varasdini.

320 3635 480 3719 Georgius
507 3637 558 3698 dei
582 3637 688 3719 gracia
713 3635 856 3698 marchio
881 3635 1221 3717 Brandemburgensis.
1246 3634 1479 3717 Circumspecti

212 3741 307 3803 nobis
337 3741 456 3806 dilecti.
491 3743 652 3806 Noveritis
682 3742 848 3824 quomodo
880 3743 1081 3824 presencium
1112 3754 1258 3803 ostensor
1290 3739 1480 3803 Valentinus

212 3845 302 3909 faber
335 3862 476 3911 nostram
508 3849 640 3911 veniens
672 3849 704 3910 in
729 3848 925 3931 presenciam
950 3848 1144 3931 supplicans,
1171 3859 1329 3929 quatenus
1352 3846 1412 3907 sibi
1437 3846 1476 3908 de

211 3969 394 4036 opportuna
426 3954 566 4036 quadam
598 3955 800 4037 possessione
829 3967 935 4016 nostre
968 3953 1104 4016 dicionis
1134 3953 1277 4036 graciose
1309 3950 1478 4034 providere

212 4058 429 4142 dignaremur,
449 4081 483 4123 se
506 4061 601 4124 nobis
625 4075 656 4124 et
678 4074 786 4124 nostre
809 4059 1021 4142 jurisdictioni
1045 4059 1181 4121 fideliter
1203 4057 1373 4136 subiciens,
1390 4056 1479 4140 quod

211 4165 336 4228 licitum
359 4165 427 4228 fieri
451 4179 611 4249 putamus,
632 4167 803 4249 eidemque
828 4167 913 4228 iuxta
938 4165 1034 4250 petita
1059 4185 1115 4228 seu
1139 4163 1315 4247 supplicata
1339 4162 1479 4243 benigne

211 4271 252 4333 de
284 4272 485 4354 possessione
516 4272 744 4354 providemus;
769 4292 867 4354 quare
891 4271 1056 4334 hortamur
1080 4291 1147 4350 vos,
1171 4283 1206 4332 ut
1228 4268 1349 4352 judicio
1372 4281 1478 4330 vestro

211 4378 308 4439 etiam
333 4379 365 4439 in
390 4377 498 4440 medio
523 4379 618 4440 vestri
642 4377 706 4459 jam
729 4376 795 4439 fato
820 4377 992 4439 Valentino
1016 4376 1056 4438 de
1081 4375 1158 4456 juris
1178 4374 1273 4436 vestri
1296 4387 1478 4456 opportuno

211 4482 355 4545 remedio
377 4483 546 4566 providere
570 4483 685 4562 velitis,
709 4496 743 4544 ut
768 4483 941 4545 creditores
963 4482 1012 4544 sui
1037 4481 1143 4544 eidem
1168 4481 1288 4562 absque
1309 4479 1477 4588 procrasti-

210 4590 347 4651 nacione
378 4587 604 4651 satisfacerent.
629 4589 778 4650 Tandem
804 4587 890 4669 juxta
913 4587 1009 4650 huius
1032 4587 1123 4669 regni
1147 4586 1284 4665 decreta,
1308 4598 1476 4666 vestreque

211 4695 347 4757 civitatis
382 4695 555 4775 libertates,
578 4693 737 4777 prefatum
769 4693 977 4756 Valentinum
1010 4692 1139 4756 fabrum
1175 4689 1305 4775 pacifice
1341 4711 1377 4753 ac
1409 4691 1477 4752 sine

211 4801 449 4884 impedimento
481 4801 568 4863 abire
601 4821 664 4862 una
696 4820 768 4862 cum
797 4800 862 4862 suis
892 4801 987 4862 rebus
1018 4799 1201 4881 permittere
1235 4796 1349 4876 velitis,
1382 4795 1413 4858 id
1449 4795 1476 4857 si

211 4907 344 4988 facietis,
361 4909 449 4970 omni
467 4908 566 4970 modo
586 4907 739 4989 singulari
759 4907 860 4987 gratis
881 4906 1069 4968 conabimur
1090 4903 1271 4983 refundere,
1287 4903 1335 4966 sin
1358 4916 1477 4982 autem,

211 5014 251 5076 de
276 5014 354 5096 juris
378 5015 427 5076 sui
452 5013 596 5076 remedio
620 5028 651 5076 et
674 5013 794 5074 damno
815 5033 923 5076 curare
945 5012 1144 5076 conabimur.
1164 5011 1282 5072 Datum
1300 5009 1331 5070 in
1349 5009 1476 5070 civitate
1505 5009 1506 5014 ’
