3808 5792
418 510 478 573 194
782 492 856 552 Dor.
882 501 948 566 157,
973 485 1043 565 158.
1068 525 1111 535 -
1134 493 1190 552 An.
1214 504 1301 568 1519.

413 721 609 784 dominicam
633 720 756 784 ludica.
780 725 876 783 Anno
900 721 1024 784 domini
1056 721 1230 784 millesimo
1262 720 1522 802 quingentesimo
1553 719 1684 782 decimo

413 846 511 890 non0.

517 931 658 984 Ecoseso
677 936 855 997 transumpto.
886 933 913 982 ln
944 932 1014 984 arcb.
1034 945 1094 984 ven.
1124 931 1205 996 capit.
1226 931 1334 996 amab.
1365 931 1426 980 Act.
1457 929 1520 994 Cap.
1549 935 1601 984 ant.
1628 930 1686 982 lssc

414 1021 472 1072 101.
491 1035 528 1073 nr.
552 1023 592 1074 ts,

1003 1197 1082 1266 15⁷.

517 1338 593 1390 Anno
614 1337 691 1392 1519.
713 1339 755 1390 26.
775 1339 846 1390 mcii.
866 1336 1024 1404 Zagrabiae.

417 1465 580 1540 Capitulum
603 1465 724 1544 nogrod.
760 1466 958 1524 communitati
977 1466 1109 1522 tenuatis
1149 1463 1292 1539 Gregorii
1319 1464 1442 1522 Braeinl
1467 1465 1592 1524 libellum
1616 1475 1684 1540 pre-

931 1573 1073 1630 catorium
1094 1570 1163 1636 edo.

517 1693 584 1756 Nos
607 1692 783 1775 capitulum
807 1691 939 1756 ecclesie
964 1691 1190 1774 zagrabiensis.
1226 1692 1382 1755 Memoris
1414 1693 1683 1754 commendamus

413 1813 523 1862 tenore
559 1799 760 1882 presencium
795 1797 1021 1881 significantes,
1067 1799 1184 1881 quibus
1220 1797 1348 1882 expedit
1386 1799 1553 1876 universis,
1590 1797 1679 1879 quod

413 1905 661 1988 circumspectus
695 1905 743 1966 vir
776 1905 887 1967 Petrus
920 1905 1086 1985 litteratus,
1119 1905 1197 1968 civis
1231 1905 1368 1967 civitatis
1401 1904 1683 1986 Montisgrecensis

413 2011 599 2073 nominibus
622 2023 653 2072 et
675 2011 707 2072 in
732 2011 877 2093 personis
900 2010 1025 2093 judicis,
1049 2011 1227 2093 juratorum
1256 2031 1293 2072 ac
1326 2011 1465 2073 aliorum
1498 2009 1616 2072 civium
1651 2025 1683 2071 et

413 2118 515 2179 tocius
538 2117 778 2180 communitatis
803 2117 939 2180 civitatis
961 2117 1243 2200 Montisgrecensis
1266 2117 1421 2200 predicte,
1446 2131 1589 2179 nostram
1612 2137 1683 2199 per-

411 2223 563 2285 sonaliter
586 2223 717 2285 veniens
743 2223 776 2284 in
798 2224 997 2306 presenciam
1021 2223 1165 2286 exhibuit
1188 2237 1219 2286 et
1242 2223 1442 2307 presentavit
1467 2224 1561 2286 nobis
1587 2242 1681 2304 quas·

411 2329 486 2391 dam
510 2329 631 2392 litteras
657 2328 805 2412 Gregorii
830 2329 973 2393 Bradacb
998 2330 1037 2393 de
1073 2330 1281 2409 Ladomercz,
1313 2330 1471 2412 capitanei
1503 2327 1681 2391 Nandoral-

413 2435 530 2515 beneio,
554 2435 721 2517 quoddam
744 2435 929 2518 obligamen
961 2456 1018 2498 seu
1050 2437 1318 2520 compromissum
1352 2437 1385 2498 in
1417 2456 1450 2497 se
1482 2435 1681 2512 denotantes,

412 2558 447 2620 jn
471 2542 584 2625 papiro
607 2555 753 2625 patenter
777 2540 938 2604 confectas
962 2555 993 2605 et
1016 2557 1190 2623 emanatas,
1204 2543 1377 2625 sigilloque
1401 2541 1558 2620 eiusdem,
1586 2553 1682 2624 prout

412 2647 515 2730 prima
539 2646 622 2710 facie
646 2649 829 2731 apparebat,
855 2649 887 2710 in
922 2649 1067 2730 margine
1103 2646 1246 2712 inferiori
1278 2667 1350 2710 cera
1373 2646 1469 2710 viridi
1493 2659 1574 2709 tecta
1598 2659 1683 2708 carta

412 2753 541 2836 papirea
565 2754 752 2837 impressive
777 2754 941 2836 sigillatas,
965 2768 1077 2837 petens
1100 2774 1159 2817 nos
1183 2754 1290 2817 debita
1315 2773 1389 2816 cum
1412 2753 1579 2833 instancia,
1603 2771 1681 2834 qua·

412 2873 506 2921 tenus
529 2879 588 2921 nos
613 2873 757 2923 tenorem
795 2859 970 2923 earundem
996 2861 1036 2922 de
1069 2862 1167 2924 verbo
1199 2861 1241 2923 ad
1271 2861 1406 2922 verbum
1435 2857 1627 2923 transummi
1651 2869 1681 2920 et

410 2967 577 3028 transcribi
602 2966 803 3048 presentibus
827 2966 940 3029 litteris
966 2967 1083 3029 nostris
1100 2968 1318 3050 dignaremur.
1336 2965 1483 3040 Quarum
1500 2979 1594 3028 tenor
1609 2964 1680 3028 talis

413 3083 458 3133 est
469 3090 477 3133 :
489 3071 574 3154 (vide
587 3073 651 3134 vol.
661 3070 700 3136 Il.
717 3071 796 3136 Doc.
808 3073 881 3156 263.
891 3073 932 3135 de
943 3091 1029 3135 anno
1045 3076 1146 3156 1469,
1169 3073 1364 3156 16.Augusti
1376 3069 1388 3156 )
1402 3072 1497 3135 Unde
1513 3092 1574 3134 nos
1590 3070 1680 3154 justis

412 3191 443 3240 et
466 3175 526 3259 juri
552 3178 701 3240 consonis
724 3178 940 3261 peticionibus
963 3180 1107 3241 annotati
1124 3179 1208 3242 Petri
1225 3178 1366 3258 litterati,
1384 3177 1484 3240 modo
1502 3198 1568 3260 quo
1585 3197 1679 3261 supra

412 3283 576 3365 porrectis,
600 3297 788 3363 annuentes,
820 3285 1009 3368 prescriptae
1041 3285 1161 3347 litteras
1195 3285 1404 3367 obligatorias
1437 3285 1477 3345 de
1508 3284 1609 3346 verbo
1641 3266 1704 3344 ad'

413 3389 545 3450 verbum
571 3391 640 3451 sine
664 3389 886 3452 diminucione
910 3403 941 3453 et
964 3403 1140 3473 augmento
1167 3391 1300 3474 aliquali
1336 3389 1537 3473 presentibus
1569 3389 1681 3451 litteris

412 3495 527 3556 nostris
550 3493 696 3556 similiter
719 3495 901 3576 patentibus
925 3496 1020 3559 inseri
1046 3509 1077 3559 et
1100 3497 1229 3560 inscribi
1253 3496 1407 3560 facientes
1432 3496 1551 3577 quibus
1574 3515 1679 3578 supra,

412 3599 482 3682 lege
506 3600 596 3681 regni
621 3600 803 3682 requirente
828 3615 858 3663 et
881 3601 1046 3664 communi
1070 3601 1194 3684 justicia
1217 3604 1368 3666 evadente
1392 3601 1544 3664 duximus
1569 3620 1679 3664 conce-

412 3704 533 3768 dendas
557 3705 675 3788 jurium
699 3725 832 3768 suorum
870 3707 1009 3770 uberiori
1044 3728 1103 3791 pro
1138 3709 1271 3772 cautela.
1306 3708 1425 3772 Datum
1457 3706 1537 3771 feria
1569 3709 1679 3790 quinta

412 3812 557 3893 proxima
581 3823 654 3894 post
677 3809 793 3874 festum
817 3814 917 3875 sancti
945 3814 1066 3876 Vrbani
1090 3834 1183 3897 pape.
1218 3819 1314 3876 Anno
1347 3813 1473 3876 domini
1505 3813 1678 3876 millesimo

412 3916 673 3998 quingentesimo
697 3917 824 3980 decimo
848 3938 947 3981 nono.

518 4038 656 4105 originale
676 4041 701 4092 in
721 4042 818 4094 charta.
838 4043 861 4092 Α
881 4047 958 4108 tergo
978 4043 1095 4108 sigillum
1121 4043 1230 4108 capitali
1250 4044 1417 4108 impressum.
1446 4041 1475 4094 ln
1494 4043 1594 4096 archiv.
1621 4043 1678 4094 incl,

410 4126 504 4177 decad.
525 4128 618 4181 scient.
641 4126 744 4181 Slavor.
762 4129 855 4182 merld.

1005 4305 1085 4371 158.

517 4406 591 4457 Anno
611 4405 688 4460 1519.
710 4409 736 4458 2.
753 4408 820 4474 julii.
840 4408 937 4461 Budae.

412 4521 577 4582 ludovicus
601 4524 656 4595 II,
686 4526 864 4600 Hungariae
893 4536 943 4588 etc.
967 4546 1030 4602 rex,
1063 4530 1216 4603 antraque
1248 4536 1334 4604 vetat,
1366 4546 1401 4586 ne
1429 4547 1449 4584 a
1472 4529 1676 4589 mrcaton'lmr

688 4632 921 4706 sagrabiensibus
939 4641 996 4706 pro
1019 4652 1110 4692 merce
1131 4635 1269 4693 tribucum
1292 4635 1404 4708 exigat.

1060 4763 1221 4815 Commissio
1241 4763 1351 4828 propria
1369 4762 1469 4815 domini
1491 4763 1573 4828 regis.

519 4846 703 4909 Ludouicus
725 4849 775 4910 dei
800 4851 905 4930 gracia
929 4871 983 4913 rex
1008 4851 1174 4934 Hungarie
1198 4867 1229 4915 et
1257 4853 1412 4915 Bohemie
1436 4865 1496 4915 etc.
1513 4851 1673 4914 Fidelibus

414 4950 529 5009 nostris
552 4953 707 5013 universis
730 4967 761 5015 et
783 4955 918 5036 singulis
950 4941 1115 5020 nobilibus
1140 4973 1171 5020 et
1201 4959 1331 5021 alterius
1361 4959 1502 5020 cuiusvis
1529 4972 1625 5020 status
1646 4969 1672 5016 et
