3732 5802
629 501 861 578 Doc.103.—
888 501 947 560 An.
972 513 1061 578 1512.
1415 523 1469 565 121

203 728 386 812 expositum
399 727 518 790 exstitit
533 727 701 808 Maiestati,
716 727 804 810 quod
821 729 969 810 quamvis
985 729 1083 792 iidem
1100 731 1278 814 capitulum
1295 746 1326 796 et
1342 735 1474 798 ecclesia

203 835 351 899 eiusdem
379 834 521 918 predicta
548 833 625 896 talia
659 833 798 897 habeant
828 834 897 917 jura
928 848 960 898 et
989 835 1158 920 privilegia
1187 839 1308 902 eisdem
1341 860 1358 902 a
1391 841 1473 904 divis

202 941 335 1024 regibus
367 941 544 1024 Hungarie,
569 941 684 1003 nostris
715 941 836 1003 scilicet
868 941 1157 1024 predecessoribus,
1182 963 1332 1009 concessa
1360 959 1392 1009 et
1414 967 1471 1030 per

203 1067 369 1111 summum
400 1048 502 1110 eciam
534 1046 719 1130 pontificem
742 1045 940 1129 confirmata,
965 1062 1000 1111 ut
1019 1049 1098 1112 dum
1122 1063 1153 1112 et
1177 1051 1308 1133 quando
1333 1072 1369 1114 ac
1393 1073 1473 1135 quo·

204 1155 422 1236 cienscunque
454 1153 596 1236 aliquem
629 1173 667 1215 ex
698 1152 839 1216 dominis
871 1167 902 1216 et
932 1155 1161 1237 capitularibus
1189 1157 1265 1240 ipsis
1289 1157 1473 1221 intestatum

204 1260 361 1324 decedere
396 1260 606 1342 contingeret,
636 1272 751 1322 extunc
786 1258 827 1321 ad
862 1258 1062 1342 dissipandas
1093 1281 1142 1324 res
1176 1275 1208 1326 et
1238 1265 1351 1346 quevis
1386 1266 1472 1328 bona

204 1367 277 1430 talis
308 1365 485 1428 decidentis
519 1366 669 1445 intestati,
702 1365 893 1448 capitulares
927 1367 987 1449 ipsi
1019 1386 1121 1430 unum
1156 1369 1208 1432 vel
1238 1370 1357 1452 plures,
1391 1391 1473 1453 quos

204 1472 335 1551 vellent,
359 1473 393 1534 in
424 1472 679 1535 testamentarios
710 1484 741 1534 et
772 1484 957 1534 executores
987 1491 1094 1536 rerum
1119 1487 1150 1536 et
1173 1475 1335 1538 bonorum
1358 1475 1468 1539 huius-

205 1577 295 1641 modi
328 1577 446 1661 eligere
474 1591 505 1641 et
528 1578 692 1661 deputare,
716 1597 830 1660 resque
856 1591 887 1641 et
910 1580 994 1642 bona
1018 1579 1094 1642 talia
1118 1581 1158 1643 ad
1183 1579 1336 1644 fabricam
1360 1595 1391 1655 et
1414 1603 1468 1644 ne·

205 1683 366 1747 cessitates
398 1684 530 1746 ecclesie
558 1684 699 1767 predicte
728 1684 827 1746 libere
859 1698 1044 1748 convertere
1073 1698 1104 1748 et
1134 1687 1313 1769 expendere
1340 1702 1470 1771 possent

206 1803 303 1872 atque
326 1789 480 1853 valerent.
503 1789 639 1870 Tamen,
663 1791 739 1872 quia
762 1803 947 1854 vererentur
970 1792 1068 1854 iidem
1091 1793 1281 1874 capitulares
1304 1814 1344 1857 ne
1361 1794 1472 1877 aliquo

205 1909 389 1978 temporum
423 1896 456 1958 in
487 1916 640 1979 processu
671 1910 702 1958 et
733 1897 871 1960 maxime
901 1897 963 1960 hoc
997 1898 1066 1980 ipso
1098 1911 1255 1981 tempore,
1280 1919 1346 1982 quo
1374 1899 1472 1962 iidem

206 2001 373 2064 ecclesiam
394 2002 495 2084 ipsam
515 2002 755 2084 zagrabiensem
777 2017 906 2086 propter
927 2004 1095 2066 continuas
1115 2003 1320 2068 Thurcorum
1340 2006 1472 2069 incursi·

202 2127 284 2194 ¹ones
307 2128 368 2191 pro
390 2108 490 2171 tutela
513 2121 544 2170 et
567 2106 755 2170 defensione
780 2128 886 2172 rerum
910 2121 941 2172 et
964 2128 1173 2192 personarum
1196 2131 1327 2174 suarum
1349 2111 1382 2174 in
1408 2113 1473 2174 suis

207 2213 341 2276 edificiis
371 2233 437 2276 non
471 2215 576 2278 solum
604 2213 790 2294 reformare,
814 2235 925 2277 verum
950 2217 1051 2278 eciam
1075 2215 1253 2280 admodum
1277 2218 1473 2302 sumptuosis

206 2319 372 2382 laboribus
394 2333 424 2382 et
444 2320 598 2402 impensis
618 2339 711 2382 muro
733 2320 860 2402 cingere
883 2332 914 2383 et
930 2319 1100 2384 fortificare
1116 2323 1295 2385 necessario
1311 2335 1473 2406 ceperunt,

205 2425 393 2501 huiusmodi
426 2426 550 2508 juribus
581 2439 612 2489 et
643 2427 845 2490 libertatibus
876 2429 1008 2490 vetustis
1035 2429 1181 2511 ipsorum
1214 2441 1389 2510 utcumque
1416 2448 1473 2512 per

206 2533 393 2616 quempiam
427 2532 608 2616 derogetur,
634 2533 813 2616 exindeque
845 2533 972 2596 labores
1003 2534 1103 2618 ipsius
1127 2534 1260 2597 ecclesie
1285 2535 1472 2598 intermitte·

206 2652 326 2718 rentur,
342 2640 558 2722 supplicatum
582 2641 689 2722 itaque
713 2641 807 2702 nobis
833 2640 935 2703 extitit
957 2660 1015 2723 pro
1038 2653 1127 2724 parte
1151 2641 1330 2704 eorundem
1351 2642 1472 2724 capitu·

205 2746 333 2825 larium,
358 2758 392 2808 ut
415 2745 501 2829 ipsos
525 2747 557 2808 in
582 2746 767 2808 huiusmodi
792 2765 903 2808 eorum
928 2747 1061 2810 vetustis
1085 2746 1208 2828 juribus
1224 2761 1255 2810 et
1271 2747 1472 2811 libertatibus

204 2853 347 2935 graciose
371 2871 558 2914 conservare
578 2851 794 2934 dignaremur.
812 2852 908 2916 Unde
931 2872 1001 2933 nos,
1018 2843 1087 2916 tum
1108 2867 1237 2936 accepta
1257 2867 1288 2916 et
1311 2853 1472 2916 intellecta

206 2958 392 3022 huiusmodi
419 2959 669 3042 supplicacione,
684 2972 753 3022 tum
781 2979 857 3021 vero
880 2962 922 3022 ob
949 2953 1087 3042 spem'et
1102 2960 1314 3022 devocionem
1331 2973 1472 3022 nostram

205 3066 404 3149 precipuam,
420 3085 517 3147 quam
539 3084 614 3147 erga
630 3078 776 3128 sanctum
793 3085 901 3148 regem
919 3065 1129 3148 Stephanum,
1146 3068 1205 3129 sub
1223 3067 1313 3128 cuius
1328 3065 1472 3148 glorioso

205 3172 338 3235 nomine
355 3171 488 3234 ecclesia
504 3172 571 3253 ipsa
588 3172 804 3253 zagrabienais
820 3170 953 3234 fundata
970 3172 1084 3251 existit,
1100 3172 1242 3254 gerimus
1258 3185 1289 3234 et
1306 3171 1472 3251 hahemus,

205 3277 237 3339 id
261 3277 368 3340 eidem
400 3277 540 3360 capitulo
564 3278 604 3340 de
628 3297 714 3340 novo
745 3278 955 3340 annuendum
979 3293 1010 3340 et
1034 3277 1277 3341 concedendum
1301 3277 1470 3340 duximus:

206 3397 240 3446 ut
263 3383 363 3445 iidem
387 3383 572 3446 huiusmodi
595 3383 740 3446 libertate
765 3397 797 3446 et
819 3383 995 3466 privilegiis
1016 3383 1193 3446 eorundem
1214 3403 1326 3466 regum
1346 3395 1377 3446 et
1401 3402 1471 3465 pre·

205 3490 410 3552 decessorum
444 3503 627 3552 nostrorum
662 3490 695 3552 in
726 3503 883 3572 quantum
915 3489 1036 3551 scilicet
1075 3509 1107 3550 se
1144 3489 1202 3558 illa¹
1230 3489 1405 3552 extendunt
1435 3501 1467 3550 et

206 3595 367 3678 siquidem
391 3595 500 3658 'eciam
532 3595 698 3678 bucusque
730 3596 794 3658 illis
824 3595 923 3658 libere
957 3596 1004 3658 usi
1035 3609 1119 3674 sunt,
1143 3597 1229 3658 iuxta
1254 3593 1472 3658 continencias

204 3703 453 3786 prescriptorum
485 3702 729 3786 privilegiorum
753 3715 784 3765 et
806 3703 924 3782 jurium
951 3721 1082 3764 suorum
1108 3702 1148 3764 de
1172 3715 1411 3784 ceteroquoque
1438 3701 1470 3762 in

204 3811 300 3872 rebus
323 3821 354 3870 et
377 3808 471 3870 bonis
494 3808 634 3870 cuiusvis
657 3809 729 3871 talis
750 3809 899 3889 intestati,
916 3809 955 3870 de
980 3809 1088 3871 medio
1109 3809 1253 3891 ipsorum
1274 3806 1468 3885 decedentis,

203 3915 304 3978 libere
328 3915 385 3993 uti,
405 3907 467 3976 frui
492 3925 523 3977 et
541 3914 681 3996 gaudere
701 3913 828 3977 valeant
849 3927 944 3996 atque
964 3915 1104 3998 possint;
1126 3913 1227 3975 immo
1247 3913 1420 3976 annuimus
1440 3925 1472 3974 et

203 4021 412 4085 concedimus
434 4021 636 4104 presencium
658 4041 715 4104 per
738 4022 893 4102 vigorem.
911 4021 1071 4094 Quocirca
1089 4040 1157 4098 vos,
1173 4019 1302 4082 fidelem
1325 4031 1470 4080 nostrum

204 4127 507 4191 reverendissimum
530 4127 563 4189 in
588 4126 716 4190 Christo
740 4140 874 4210 patrem,
890 4126 1060 4189 dominum
1077 4125 1241 4189 Thomam
1265 4125 1349 4187 tituli
1370 4123 1469 4186 sancti

205 4233 335 4296 Martini
360 4233 392 4295 in
416 4233 593 4314 Montibus,
612 4245 720 4296 sancte
738 4253 869 4296 romane
886 4233 1018 4296 ecclesie
1035 4233 1246 4315 presbiterum
1263 4230 1470 4310 cardinalem,

204 4339 450 4423 strigoniensem
490 4353 520 4401 et
555 4339 767 4422 patriarcham
802 4339 1210 4422 Constantinopolitanum,
1241 4357 1405 4400 summum
1440 4349 1471 4399 et

203 4445 408 4510 secretarium
446 4446 672 4508 cancellarium
705 4466 741 4508 ac
774 4446 914 4508 amicum
946 4457 977 4506 et
1006 4457 1203 4527 compatrem
1234 4457 1379 4506 nostrum
1411 4457 1470 4506 etc.

203 4567 376 4636 patronum
394 4546 651 4635 scilicet'prelate
668 4552 801 4614 ecclesie
817 4551 1043 4634 zagrabiensis,
1059 4549 1261 4632 presentibus
1278 4549 1470 4630 requirimus

205 4673 236 4721 et
257 4659 435 4739 hortamur,
459 4658 617 4721 moderno
648 4677 724 4721 vero
752 4671 783 4720 et
806 4657 921 4720 futuris
945 4655 1103 4739 episcopis
1127 4654 1271 4717 eiusdem
1295 4655 1358 4716 loci
1382 4637 1496 4716 stric-'

203 4765 324 4827 tissime
347 4763 579 4828 committimus
603 4777 634 4826 et
656 4763 858 4842 mandamus,
875 4775 1033 4846 quatenus
1051 4762 1077 4823 si
1094 4774 1126 4824 et
1145 4762 1177 4822 in
1194 4774 1351 4843 quantum
1370 4761 1469 4822 iidem

204 4870 394 4953 capitulares
425 4869 576 4953 premissa
612 4869 757 4932 libertate
788 4869 887 4932 modo
918 4867 1074 4952 premisso
1103 4865 1267 4946 hactenus,
1291 4879 1326 4928 ut
1348 4867 1467 4950 premi·

203 4977 313 5056 simus,
335 4976 383 5038 usi
402 4975 599 5056 exstiterunt,
615 4975 729 5038 eadem
750 4975 826 5060 ipsis
847 4975 887 5038 de
907 4988 1076 5056 ceteroque
1094 4985 1125 5034 et
1141 4973 1327 5034 successivis
1342 4991 1469 5056 semper
