3808 5792
643 538 716 599 Dec.
741 535 815 616 169.
839 571 880 582 -
904 540 963 598 An.
987 551 1072 614 1521.
1379 525 1385 540 “
1430 557 1490 620 ²¹3

225 761 257 822 in
281 781 346 822 uno
370 760 494 824 floreno
517 762 586 824 auri
611 761 670 824 erit
693 763 898 825 mulctandus
920 783 979 845 pro
1004 783 1075 826 cera
1099 765 1315 846 comparanda
1332 766 1373 828 ad
1393 767 1492 830 altare

224 867 445 950 prescriptum.
471 868 583 930 Eciam
607 867 804 949 quicumque
828 869 980 951 magister
1003 869 1146 952 aliquem
1177 867 1346 952 famulum,
1379 872 1492 953 quiin

224 972 270 1033 irs
294 993 311 1034 s
336 991 394 1034 suo
418 973 571 1056 magistro
595 973 785 1052 recessisset,
809 974 850 1036 ad
873 975 1000 1037 labores
1022 987 1211 1057 acceptaret,
1228 976 1300 1038 talis
1329 978 1492 1060 puniatur,

167 1101 170 1108 *
226 1091 261 1140 ut
283 1078 474 1160 premissum
500 1091 557 1158 est,
581 1097 655 1141 cum
680 1077 804 1142 floreno
827 1098 904 1142 uno.
927 1079 1030 1142 lmmo
1056 1080 1158 1142 eciam
1182 1080 1260 1143 dum
1293 1083 1365 1164 quis
1389 1083 1491 1164 magi-

225 1195 364 1246 strorum
403 1184 546 1266 aliquem
581 1185 706 1247 socium
741 1197 851 1248 contra
886 1185 1017 1248 czeham
1054 1186 1296 1267 delinquentem
1341 1187 1488 1251 laborare

157 1289 163 1306 '
225 1290 432 1372 permitteret,
448 1289 474 1350 is
491 1309 549 1372 pro
565 1290 684 1352 talibus
700 1291 766 1352 suis
783 1290 906 1353 delictis
922 1291 1011 1354 omni
1030 1311 1103 1354 cum
1120 1293 1302 1355 reverencia
1319 1306 1350 1355 et
1365 1313 1491 1357 morum

225 1393 428 1458 honestates
451 1409 518 1457 tota
542 1394 800 1458 confraternitate
825 1397 1051 1478 magistrorum
1075 1397 1203 1459 veniam
1236 1399 1406 1481 impetrare
1436 1399 1492 1462 de·

227 1501 325 1581 bebit,
349 1513 381 1563 et
404 1501 536 1584 insuper
559 1500 718 1564 florenum
744 1522 845 1565 unum
868 1522 927 1586 pro
951 1522 1021 1566 cera
1046 1503 1182 1566 emenda
1206 1503 1357 1586 deponat.

332 1606 495 1690 Septimus
530 1607 693 1670 articulus.
731 1607 830 1684 Quod
866 1608 975 1670 nullus
1009 1608 1236 1691 magistrorum
1272 1621 1377 1690 preter
1412 1608 1494 1671 duos

227 1713 332 1774 socios
355 1727 463 1776 tenere
488 1713 614 1792 audeat,
650 1713 762 1776 saltem
787 1713 838 1798 (si)
862 1715 958 1778 ceteri
994 1715 1137 1796 magistri
1173 1715 1268 1776 sociis
1299 1715 1332 1776 in
1367 1714 1493 1776 civitate

227 1817 434 1881 existentibus
458 1819 509 1882 vel
533 1819 573 1881 ab
598 1819 729 1882 aliunde
747 1821 993 1884 advenientibus
1009 1821 1136 1883 labores
1153 1821 1229 1883 dare
1246 1839 1310 1884 non
1328 1820 1493 1899 haberent,

227 1939 342 1986 extunc
364 1927 438 1988 talis
462 1926 613 2008 magister
625 1924 747 1988 habens
770 1927 890 1990 multos
906 1927 1105 2010 appreciatos
1127 1927 1253 1989 labores
1265 1927 1373 2009 plures
1389 1925 1494 1988 socios

227 2045 335 2094 tenere
359 2031 473 2112 valeat,
506 2031 759 2095 contradictione
796 2034 940 2116 ipsorum
971 2033 1196 2114 magistrorum
1233 2052 1299 2094 non
1336 2032 1493 2094 obstante.

228 2138 359 2219 Insuper
382 2137 492 2200 nullus
516 2138 668 2221 magister
690 2151 796 2220 preter
820 2138 902 2201 duos
921 2137 1053 2220 juvenes
1068 2151 1176 2199 tenere
1193 2149 1365 2222 presumat,
1381 2135 1494 2198 saltem

227 2237 277 2328 (si)
287 2243 528 2324 unusjuvenum
538 2242 619 2306 infra
636 2245 735 2308 medii
752 2243 826 2306 anni
844 2246 988 2327 spacium
1001 2263 1103 2306 annos
1118 2244 1167 2305 sui
1184 2244 1280 2306 studii
1294 2242 1494 2326 adimpleret,

228 2365 343 2414 extunc
367 2351 440 2412 loco
464 2351 561 2430 illius,
585 2351 664 2413 alter
691 2351 809 2433 suscipi
834 2363 948 2434 potest.
974 2351 1014 2412 Et
1038 2349 1115 2412 dum
1141 2370 1223 2412 unus
1246 2349 1372 2432 iuvenis
1395 2348 1494 2410 susci·

227 2458 323 2541 pitur,
347 2471 422 2519 tunc
446 2456 546 2538 ipsius
570 2457 721 2538 magister
744 2455 826 2520 inira
850 2457 994 2540 spacium
1019 2457 1115 2518 unius
1138 2457 1258 2518 mensis
1281 2475 1355 2518 cum
1378 2455 1494 2518 eodem
1526 2477 1529 2484 ·

228 2563 476 2625 conventionem
501 2559 615 2642 facere,
646 2575 677 2624 et
701 2562 831 2624 tandern
855 2563 888 2624 in
912 2563 1058 2646 proxima
1080 2563 1294 2626 conventione
1328 2561 1494 2644 magistro-

228 2689 299 2731 rum
331 2681 407 2730 tunc
431 2667 682 2748 advenientium,
712 2670 789 2751 ipsis
820 2669 979 2750 magistris
1010 2668 1108 2730 talem
1141 2681 1322 2750 presentare
1353 2667 1494 2729 habebit.

335 2775 477 2836 Octavus
500 2775 663 2838 articulus.
689 2775 789 2850 Quod
813 2775 922 2837 nullus
947 2773 1142 2836 famulorum
1165 2774 1316 2856 magister
1335 2793 1401 2835 non
1431 2772 1495 2833 exi-

227 2897 324 2961 stens,
337 2895 422 2943 extra
446 2881 607 2943 civitatem
632 2881 759 2944 labores
776 2881 902 2963 aliquos
919 2881 994 2963 ipsis
1011 2880 1171 2962 magistris
1186 2881 1357 2942 attinentes
1373 2880 1495 2960 absque

228 2989 365 3051 scitust
401 2988 567 3050 voluntate
600 2988 778 3051 eorundem
811 3007 956 3050 exercere
987 2987 1101 3049 valeat.
1132 2985 1338 3049 Contrarium
1368 2969 1496 3062 faciens,

228 3095 301 3157 talis
323 3113 383 3157 nec
406 3095 439 3155 in
464 3094 606 3175 ipsorum
631 3095 858 3176 magistrorum
883 3092 1186 3171 confraternitatem,
1217 3092 1273 3154 sed
1297 3111 1356 3153 nec
1388 3090 1420 3152 in
1444 3108 1494 3151 so·

228 3201 352 3263 ciorum
377 3200 579 3262 consorcium
613 3200 712 3281 recipi
748 3200 880 3278 debeat3
913 3199 1026 3261 saltem
1058 3197 1107 3282 (si)
1138 3198 1210 3260 talis
1241 3197 1433 3279 delinquens
1462 3215 1495 3257 se

229 3307 448 3370 emendationi
473 3307 699 3388 magistrorum
723 3307 934 3386 submitteret,
960 3319 1075 3368 extunc
1098 3304 1170 3366 ralis
1193 3301 1388 3382 emendatio,
1413 3301 1495 3363 arbi·

227 3415 290 3476 trio
327 3414 492 3475 dumtaxat
524 3413 751 3494 magistrorum
786 3412 949 3474 subiaceat
981 3425 1012 3473 et
1047 3411 1136 3472 nulla
1170 3409 1299 3472 racione
1335 3407 1494 3490 quispiam

228 3521 391 3583 sociorum
415 3519 536 3581 ibidem
560 3519 670 3582 adesse
695 3520 808 3582 valeat.
834 3519 874 3580 Et
898 3519 975 3580 dum
992 3517 1110 3599 aliquis
1130 3516 1356 3598 magistrorum
1374 3513 1495 3576 habens

228 3639 408 3710 respectum
433 3625 472 3687 ad
499 3627 640 3708 aliquem
664 3645 796 3688 suorum
820 3623 1016 3686 famulorum
1054 3641 1276 3704 quoscumque
1297 3620 1495 3702 appreciatus

229 3735 356 3797 labores
380 3733 562 3814 susciperet,
587 3745 701 3794 extunc
732 3731 805 3792 talis
838 3729 977 3792 famulus
1010 3727 1091 3790 infra
1123 3727 1374 3811 completionem
1409 3725 1495 3788 talis·

229 3841 319 3903 modi
343 3841 491 3902 laborum
505 3840 544 3901 ab
558 3839 674 3900 eodem
687 3858 745 3900 suo
771 3837 923 3918 magistro
936 3835 1028 3898 nullo
1045 3847 1138 3918 pacto
1155 3833 1302 3896 recedere
1320 3843 1494 3915 presumat.

336 3947 449 4009 Nonus
473 3945 635 4006 articulus.
661 3944 867 4024 Quicumque
892 3941 1118 4023 magistrorum
1143 3939 1193 4000 vel
1227 3937 1422 4000 famulorum
1455 3937 1495 3998 si·

230 4055 328 4115 nistra
348 4052 531 4114 intencione
555 4065 586 4112 et
609 4049 718 4112 animo
743 4048 919 4110 deliberato
956 4046 1088 4129 aliquod
1120 4045 1333 4107 homicidium
1363 4041 1495 4106 commi·

229 4159 305 4220 serit
327 4157 377 4218 vel
400 4155 638 4239 perpetraverit,
662 4167 716 4238 aut¹
740 4155 771 4216 in
797 4154 907 4236 aliquo
932 4153 1085 4236 nephario
1103 4151 1243 4213 facinore
1261 4151 1311 4211 vel
1328 4147 1495 4210 latrocinio

231 4263 449 4346 deprehensus
472 4261 578 4340 luerit,
602 4261 674 4324 talis
698 4260 860 4343 perpetuis
877 4260 998 4322 cunctis
1015 4259 1159 4322 affuturis
1188 4256 1387 4339 temporibus
1407 4253 1495 4314 omni

230 4377 353 4432 semota
377 4370 482 4450 gracia
507 4383 538 4430 et
560 4367 759 4449 subterfugio
785 4365 935 4428 emedio
960 4367 1184 4446 magistrorum
1209 4362 1357 4426 exclusus
1393 4374 1423 4421 et
1448 4381 1494 4421 re-

231 4477 331 4539 iectus
353 4475 508 4536 habeatur
532 4495 571 4536 eo
596 4473 690 4536 lacto,

338 4581 490 4643 Decimus
513 4581 674 4642 articulus.
700 4579 786 4641 Dum
810 4579 954 4661 magistri
978 4576 1148 4639 czeharum
1172 4587 1302 4657 propter
1326 4591 1495 4655 quascum-

233 4709 295 4770 que
319 4707 429 4749 causas
463 4687 657 4765 evenientes,
682 4699 716 4748 ut
740 4685 839 4747 moris
874 4697 930 4763 est,
967 4697 1089 4745 ceteros
1125 4680 1294 4762 magistros
1327 4677 1496 4740 convocari

233 4795 376 4874 iecerint,
400 4807 518 4856 eorunc
544 4793 741 4875 quicumque
765 4791 989 4873 magistrorum
1008 4790 1041 4850 in
1058 4788 1160 4870 prima
1177 4785 1414 4848 convocacione
1431 4803 1496 4844 non

232 4902 365 4979 adesset,
390 4901 479 4962 nulla
502 4899 645 4982 legitima
671 4919 764 4960 causa
788 4899 892 4979 ipsum
910 4895 1128 4979 prepediente,
1145 4893 1218 4956 talis
1235 4910 1333 4953 unam
1355 4909 1495 4952 marcam

233 5027 301 5068 cere
326 5008 473 5084 exolvat3
497 5006 649 5085 secundo,
674 5005 753 5067 duas
777 5023 916 5079 marcas;
940 5001 1039 5063 tercio
1056 5019 1144 5078 vero,
1168 4999 1194 5061 si
1211 4998 1282 5060 talis
1304 4994 1344 5057 ad
1364 4995 1495 5058 caeham
