3752 5806
405 575 444 633 50
829 557 901 614 Doc.
921 570 974 634 49.
1003 590 1039 600 -
1070 559 1126 618 An.
1154 553 1244 632 1506.

402 781 616 863 zagrabiensis
651 795 683 843 et
717 781 921 862 chasmensis,
957 797 1033 865 puta
1069 784 1306 846 venerabilibus
1342 783 1500 844 dominis:
1537 784 1669 844 Alberto

403 890 565 970 preposito
597 889 722 967 maiori,
754 891 889 952 Nicolao
922 891 1109 974 dubycensi,
1143 890 1287 953 Jobanne
1323 889 1528 966 camarcensi,
1568 890 1668 950 altero

404 995 549 1056 lohanne
571 997 742 1076 goricensi,
759 997 888 1058 Andrea
914 998 1059 1076 Kemlek,
1083 999 1248 1078 utriusque
1274 997 1350 1074 juris
1375 997 1516 1074 doctore,
1534 995 1670 1056 Nicolao

403 1101 517 1180 Vaska,
542 1103 669 1164 Andrea
702 1103 847 1164 similiter
871 1103 1002 1166 doctore
1028 1105 1137 1182 Berin,
1163 1103 1411 1178 archidiaconis;
1439 1102 1594 1162 blichaele
1619 1121 1672 1162 cu·

403 1206 505 1286 stode‚
522 1207 687 1271 Anthonio
709 1208 748 1270 de
767 1209 1000 1292 Megwrechye,
1018 1210 1163 1272 lohanne
1186 1210 1224 1270 de
1243 1209 1393 1284 Chasma,
1411 1208 1572 1268 canonicis
1590 1207 1671 1268 dicte

403 1314 535 1374 ecclesie
566 1329 672 1376 nostre
705 1315 935 1395 zagrabiensis3
961 1316 1037 1377 item
1062 1315 1299 1376 venerabilibus
1323 1314 1474 1392 dominis,
1494 1315 1672 1375 Laurencio

406 1418 535 1499 lectore,
560 1419 689 1481 Matheo
721 1420 863 1498 custode,
889 1421 1045 1483 Michaele
1078 1422 1117 1482 de
1142 1420 1246 1483 Crisio
1275 1435 1306 1482 et
1331 1419 1476 1501 Georgio
1501 1419 1579 1480 alias
1604 1439 1672 1479 suc·

405 1539 544 1604 centore,
563 1526 725 1587 canonicis
742 1525 824 1587 dicte
842 1527 974 1587 ecclesie
992 1541 1097 1588 nostre
1116 1527 1320 1604 chasmensis,
1338 1526 1488 1605 dictoque
1507 1525 1672 1606 Stephano

404 1631 522 1692 lectore
556 1631 596 1692 ad
629 1632 690 1693 hoc
721 1632 780 1692 rite
812 1645 842 1694 et
874 1632 1014 1712 legitime
1047 1646 1171 1711 vocato,
1196 1652 1253 1714 pro
1281 1631 1433 1692 tribunali
1471 1631 1619 1692 sedentes
1644 1645 1673 1691 et

406 1757 534 1798 causam
567 1738 668 1820 ipsam
701 1757 776 1798 cura
808 1737 954 1818 diligenti
988 1751 1018 1799 et
1049 1751 1194 1800 accurata
1230 1738 1461 1816 examinantes,
1493 1758 1529 1798 ex
1550 1749 1673 1798 tenore

405 1844 585 1905 testamenti
610 1844 686 1904 dicti
710 1843 801 1904 Pauli
826 1844 942 1925 Zyzek,
959 1864 1057 1905 manu
1079 1845 1199 1904 scilicet
1216 1843 1358 1904 annotati
1377 1843 1530 1924 Stephani
1547 1843 1674 1904 lectoris

404 1949 533 2032 propria
567 1949 748 2030 conscripti,
773 1949 908 2030 aliisque
940 1949 1159 2010 instrumentis
1187 1963 1218 2010 et
1242 1949 1461 2026 munimentis,
1485 1969 1520 2008 ac
1546 1949 1674 2030 propria

405 2055 550 2117 eiusdem
586 2054 797 2133 confessione,
821 2056 1023 2136 presentibus
1058 2055 1178 2116 ibidem
1215 2055 1346 2116 notariis
1382 2067 1413 2116 et
1444 2054 1674 2115 tabellionibus

405 2161 524 2222 vocatis
556 2161 596 2221 ad
620 2161 681 2222 hoc
705 2162 887 2241 rogatisque
913 2175 943 2221 et
967 2161 1127 2242 requisitis
1151 2161 1338 2242 reperimus,
1363 2160 1505 2220 vidimus
1529 2173 1561 2220 et
1585 2160 1674 2220 certi·

404 2266 591 2328 tudinaliter
635 2285 773 2328 unacum
814 2267 906 2327 dictis
946 2266 1095 2328 fratribus
1134 2267 1249 2328 nostris
1288 2266 1511 2346 cognovimus,
1553 2264 1674 2326 dictum

406 2372 603 2455 Stephanum
629 2373 780 2434 lectorem
805 2373 1056 2453 quadringentos
1080 2393 1174 2455 supra
1199 2393 1251 2433 sex
1276 2385 1307 2433 et
1331 2371 1443 2452 viginti
1468 2371 1607 2432 florenos
1636 2371 1674 2431 de

406 2479 551 2560 pecuniis
581 2479 716 2560 predicti
751 2479 842 2539 Pauli
874 2480 980 2560 Zyzek
1013 2477 1156 2539 defuncti
1185 2477 1269 2539 furto
1295 2493 1325 2538 et
1348 2476 1590 2557 sacrilegialiter
1614 2477 1672 2538 sibi

406 2585 465 2666 ipsi
498 2585 652 2666 recepisse
686 2597 717 2645 et
748 2604 925 2665 usurpasse,
971 2585 1174 2666 eundemque
1207 2583 1372 2666 publicum
1407 2596 1437 2643 et
1469 2581 1675 2643 manifestum

406 2691 691 2772 calumpniatorem
718 2703 748 2750 et
772 2689 982 2750 detractorem
1006 2689 1138 2751 honoris
1162 2703 1192 2751 et
1217 2689 1381 2770 dignitatis
1396 2703 1466 2749 tum
1483 2702 1590 2749 nostre
1606 2702 1674 2749 tum

407 2796 508 2856 eciam
547 2796 680 2857 ecclesie
720 2809 826 2857 nostre
861 2796 1001 2877 predicte
1035 2815 1070 2856 ex
1108 2809 1218 2856 tenore
1255 2807 1338 2856 carte
1375 2794 1541 2854 cuiusdam
1577 2813 1674 2855 manu

407 2902 535 2983 propria
568 2900 711 2963 confecte
743 2903 848 2983 palam
881 2915 912 2963 et
936 2915 1042 2984 aperte
1066 2901 1257 2983 collegimus
1279 2901 1430 2962 extitisse.
1456 2901 1497 2961 Et
1520 2900 1675 2980 quoniam

407 3008 629 3070 huiuscemodi
669 3008 813 3090 nepharii
850 3008 1019 3088 egencium
1055 3009 1236 3070 animarum
1271 3021 1446 3086 necatores,
1483 3007 1674 3088 pietatisque

408 3113 516 3175 divine
541 3117 789 3192 exacerbatores,
814 3127 995 3175 sanctorum
1025 3128 1151 3196 patrum
1176 3113 1327 3175 institutis
1351 3133 1419 3174 esse
1444 3111 1674 3194 prohibentur;

407 3219 566 3280 nollentes
597 3233 661 3281 tam
694 3240 840 3302 perverse
875 3233 1005 3300 agentes
1036 3233 1067 3281 et
1101 3220 1271 3281 sceleratos
1302 3220 1334 3280 in
1369 3219 1503 3280 ecclesia
1536 3217 1586 3278 dei
1616 3219 1675 3278 sub

407 3325 538 3386 nomine
564 3327 736 3387 sanctitatis
760 3341 790 3387 et
811 3325 942 3388 honoris
959 3325 1194 3406 quoquomodo
1212 3324 1362 3407 perferre,
1379 3325 1583 3406 potissimum
1600 3323 1675 3404 quia

408 3431 536 3513 culpam
561 3431 705 3493 facientis
729 3432 845 3493 habere
863 3431 1073 3510 convincitur,
1091 3432 1145 3512 qui
1167 3431 1330 3510 delictum,
1348 3430 1437 3511 quod
1453 3429 1551 3508 videt,
1569 3448 1675 3489 emen·

408 3537 483 3598 dare
507 3537 651 3617 negligit,
684 3537 805 3598 dictum
831 3537 1028 3618 Stephanum
1058 3537 1210 3598 lectorem
1235 3556 1308 3597 cum
1333 3555 1491 3597 consensu
1516 3535 1674 3614 dictorum

410 3642 542 3704 fratrum
566 3656 749 3704 nostrorum
773 3657 927 3723 tanquam
951 3662 1045 3703 ovem
1070 3642 1262 3720 morbidam,
1280 3662 1319 3702 ne
1340 3661 1416 3722 grex
1433 3642 1602 3703 universus
1620 3660 1675 3721 per

409 3769 484 3811 eum
509 3747 677 3825 inficiatur,
691 3749 857 3810 consorcio
884 3747 1014 3810 fratrum
1045 3762 1228 3809 nostrorum
1252 3747 1383 3828 capituli
1408 3747 1541 3808 ecclesie
1566 3765 1675 3825 zagra-

409 3855 528 3916 biensis
556 3855 708 3936 predicte,
732 3855 925 3934 secretisque
957 3853 1146 3932 eorundem,
1172 3873 1207 3914 ac
1239 3853 1363 3914 honore
1396 3852 1480 3914 stalli
1512 3851 1676 3933 perhanc

407 3960 601 4022 sentenciam
627 3973 767 4020 nostram
793 3958 995 4020 diffinitivam
1020 3960 1051 4019 in
1077 3958 1138 4018 hiis
1150 3958 1273 4040 scriptis
1297 3971 1453 4041 perpetuo
1471 3957 1676 4039 privandum,

407 4066 678 4148 spoliandumque
710 4085 777 4125 esse
810 4064 1026 4126 deffinivimus
1058 4079 1088 4124 et
1120 4063 1366 4141 declaravimus,
1392 4064 1618 4145 privatumque
1646 4075 1677 4122 et

408 4172 581 4253 spoliatum
605 4171 782 4232 diffinimus
806 4185 836 4231 et
860 4170 1059 4231 declaramus
1080 4169 1193 4230 harum
1213 4183 1392 4230 nostrarum
1415 4169 1524 4250 vigore
1541 4183 1573 4228 et
1588 4169 1676 4229 testi-

409 4279 519 4339 monio
544 4279 708 4338 literarum
731 4277 902 4337 mediante.
920 4278 953 4336 ln
978 4276 1068 4336 cuius
1092 4277 1137 4336 rei
1164 4276 1354 4336 memoriam
1377 4289 1539 4357 presentes
1556 4275 1678 4334 litteras

410 4397 542 4460 nostras,
567 4384 673 4464 sigillo
707 4395 827 4460 nostro,
852 4401 917 4462 quo
949 4396 983 4442 ut
1015 4381 1184 4462 episcopus
1208 4381 1422 4442 communiter
1448 4381 1492 4442 uti
1519 4381 1675 4458 solemus,

410 4507 482 4547 cum
507 4490 744 4570 subscripcione
769 4488 968 4549 notariorum
992 4487 1227 4548 autenticorum
1251 4488 1403 4548 roborare
1428 4485 1677 4548 et·c0mmuniri

410 4591 552 4654 fecimus.
589 4595 708 4656 Datum
742 4595 773 4655 in
804 4614 875 4654 arce
907 4607 1013 4655 nostra
1046 4593 1235 4655 Chasmensi
1267 4593 1522 4675 prima'mensis
1555 4591 1677 4652 marcii.

411 4701 506 4757 Anno
531 4698 653 4760 domini
678 4700 851 4760 millesimo
878 4699 1137 4780 quingentesimo
1162 4712 1261 4760 sext0.

518 4819 590 4878 (Alia
609 4822 704 4884 manu).
726 4806 765 4865 Et
782 4824 842 4884 ego
861 4804 1006 4865 Matheus
1019 4817 1111 4865 natus
1125 4803 1273 4886 Gregorii
1288 4804 1326 4864 de
1340 4803 1678 4884 Zentbgewrghwara,

411 4906 581 4966 canonicus
613 4910 836 4987 zagrabiensis,
861 4910 1015 4990 presbiter
1046 4910 1190 4971 eiusdem
1216 4909 1382 4988 dioecesis,
1405 4929 1491 4970 sacra
1516 4907 1678 4989 imperiali

412 5011 595 5074 auctoritate
628 5016 771 5074 notarius
802 5016 959 5096 publicus,
985 5016 1016 5075 in
1049 5015 1148 5076 literis
1179 5016 1341 5094 omnibus,
1366 5034 1429 5094 que
1462 5003 1678 5095 suprascripta
