3808 5792
409 512 471 572 216
826 512 899 572 Doc.
923 506 996 586 169.
1020 543 1061 556 -
1084 510 1141 570 Aa
1165 521 1253 586 1521.

407 739 500 801 soriis
523 752 578 801 aut
601 737 892 820 qualibuscumque
917 738 1023 800 verbis
1055 737 1296 800 contumeliosis
1326 737 1359 800 in
1382 737 1519 800 minimo
1550 753 1674 801 contra-

408 843 532 922 dixerit,
555 844 628 906 talis
652 857 794 926 repertus
817 844 940 906 tociens
963 843 1118 925 quociens
1141 843 1321 922 excesserit,
1346 842 1516 906 duodecim
1535 841 1676 906 fertones

408 969 478 1012 cere
502 950 591 1012 omui
613 962 736 1012 semota
759 949 866 1030 gracia
889 949 1015 1011 solvere
1041 948 1173 1010 debebit
1196 961 1227 1010 et
1250 948 1292 1010 ad
1315 947 1377 1010 hoc
1400 949 1440 1010 sit
1460 949 1614 1011 astrictus.

515 1054 777 1136 Quibusquidear
792 1054 934 1116 articulis
946 1053 1111 1136 productis
1127 1073 1183 1136 per
1200 1073 1324 1136 nosque
1340 1073 1403 1116 una
1421 1073 1493 1116 cum
1509 1053 1676 1116 nonnullis

408 1160 549 1223 dominis
573 1159 711 1243 prelatis,
737 1159 923 1238 baronibus,
948 1159 1103 1241 regnique
1121 1160 1286 1222 nobilibus
1302 1159 1470 1221 nobiscum
1496 1159 1677 1221 constitutis

409 1279 439 1328 et
463 1266 671 1328 existentibus
693 1265 865 1345 diligenter
888 1265 1088 1343 examinatis,
1113 1266 1188 1346 quia
1212 1265 1311 1328 iidem
1331 1265 1455 1326 articuli
1470 1265 1574 1342 utiles,
1602 1265 1676 1327 rati·

408 1371 617 1454 onabilesque
642 1391 678 1433 ac
702 1370 742 1432 de
766 1372 835 1433 iure
859 1370 1050 1433 admittendi
1074 1369 1143 1433 fore
1167 1371 1332 1450 visisunt,
1364 1371 1407 1432 ob
1431 1369 1492 1432 hoc
1523 1391 1582 1433 nos
1603 1391 1677 1453 pre-

409 1477 504 1540 missa
532 1477 766 1560 supplicatione
791 1477 886 1539 nobis
917 1477 1016 1540 modo
1052 1496 1118 1559 quo
1150 1495 1244 1559 supra
1277 1489 1435 1559 poreccta,
1467 1478 1613 1540 exaudita
1644 1492 1678 1540 et

409 1583 548 1666 benigne
564 1583 714 1663 admissa,
730 1583 922 1666 prescriptos
938 1583 1089 1645 articulos
1105 1582 1307 1666 presentibus
1318 1582 1515 1644 verbotenus
1531 1581 1678 1661 insertos,

409 1689 518 1770 quoad
540 1708 654 1751 omnes
677 1689 865 1752 eorumdem
883 1688 1102 1751 continencias
1126 1701 1158 1750 et
1174 1688 1335 1750 clausulas
1350 1701 1563 1770 acceptamus,
1579 1691 1677 1752 robo-

409 1813 516 1856 ramus
540 1806 571 1856 et
594 1794 799 1875 ratificamus,
824 1794 1022 1876 eosdemque
1046 1807 1077 1856 et
1101 1794 1211 1856 omnia
1236 1795 1267 1855 in
1292 1793 1338 1856 eis
1365 1807 1515 1856 contenta
1539 1796 1678 1856 auctori-

410 1911 474 1962 tate
498 1900 585 1982 regia
616 1901 789 1982 prescripta
820 1919 878 1982 pro
906 1900 1137 1981 prenominatis
1171 1901 1330 1982 magistris
1364 1899 1610 1982 calcariparibus
1646 1913 1680 1962 et

409 2006 602 2068 seratoribus
626 2007 818 2068 innovamus
842 2017 997 2090 perpetuo
1022 2005 1176 2068 valituros
1199 2019 1230 2068 et
1255 2006 1424 2068 duraturos
1448 2005 1679 2068 confirmamus

409 2110 523 2174 harum
547 2125 727 2174 nostrarum
761 2112 857 2194 sigilli
889 2111 989 2173 nostri
1025 2111 1213 2194 inpendenti
1242 2112 1421 2174 munimine
1454 2113 1679 2174 roboratarum

410 2217 519 2299 vigore
544 2231 575 2280 et
606 2218 793 2280 testimonio
828 2217 1005 2278 litterarum
1040 2217 1214 2280 mediante.
1250 2218 1368 2278 Datum
1402 2217 1492 2279 Bude
1528 2218 1560 2279 in
1593 2216 1680 2280 festo

410 2325 502 2386 beate
526 2322 722 2386 Scholastice
745 2322 889 2404 virginis.
922 2325 1019 2384 Anno
1056 2322 1180 2385 domini
1212 2323 1386 2384 millesimo
1417 2323 1680 2405 quingentesimo

410 2429 548 2492 decimo.

516 2534 584 2596 Nos
607 2534 705 2616 igitur
727 2534 945 2598 laudabilibus
969 2549 1001 2597 et
1031 2533 1204 2596 salutiferis
1238 2533 1529 2616 supplicationibus
1560 2553 1680 2616 preno-

409 2641 605 2703 minatorum
622 2640 846 2721 magistrorum
863 2640 1094 2724 calcariparum
1117 2653 1149 2702 et
1164 2653 1352 2718 serstorum,
1369 2659 1496 2702 necnon
1512 2638 1681 2702 fabrorum

409 2759 440 2808 et
460 2746 677 2828 gladiatorum
701 2747 882 2808 concivium
906 2761 1090 2809 nostrorum
1107 2745 1326 2808 favorabiliter
1342 2759 1373 2807 et
1399 2745 1506 2807 debite
1523 2746 1682 2826 inclinati,

410 2853 579 2936 premissas
603 2852 722 2915 litteras
745 2852 876 2916 antefati
909 2853 1047 2916 condam
1079 2853 1262 2936 spectabilis
1296 2866 1327 2915 et
1360 2851 1523 2934 magnifici
1553 2852 1682 2915 domini

409 2959 549 3022 Emerici
573 2958 613 3021 de
638 2959 737 3020 Peren
769 2959 902 3041 palatini
931 2973 1002 3039 etc,
1035 2961 1223 3024 auctoritate
1254 2959 1341 3042 regia
1373 2959 1406 3020 in
1438 2957 1609 3042 premissis,
1644 2973 1682 3021 ut

410 3067 600 3148 premissum
625 3077 681 3142 est,
706 3063 818 3144 fulciti,
852 3085 942 3127 veras
966 3079 998 3128 et
1020 3067 1119 3128 iustas
1141 3065 1231 3128 omni
1255 3085 1385 3149 prorsus
1415 3065 1500 3127 vicio
1523 3077 1554 3126 et
1576 3065 1682 3148 suspi-

411 3172 503 3234 cione
527 3191 563 3233 ac
587 3169 807 3232 diminucione
832 3185 862 3232 et
886 3185 1060 3253 augmento
1093 3172 1225 3252 aliquali
1258 3184 1289 3232 et
1312 3170 1428 3252 quovis
1462 3183 1603 3232 carentes
1639 3171 1682 3233 de

410 3291 517 3338 nostra
542 3275 752 3358 beneplacita,
777 3289 811 3338 ut
834 3275 1002 3357 prefertur,
1036 3278 1211 3358 voluntate,
1234 3297 1291 3359 per
1314 3297 1374 3339 nos
1406 3277 1446 3338 ad
1476 3277 1615 3340 similem
1650 3293 1683 3340 et

410 3401 520 3465 parem
545 3381 687 3460 czeham,
711 3381 810 3443 veluti
834 3401 890 3465 per
914 3383 1016 3444 dictos
1041 3383 1211 3463 magistros
1235 3381 1445 3464 calcaripares
1470 3395 1500 3444 et
1525 3397 1682 3445 seratores

412 3488 589 3551 Crisienses
613 3487 735 3549 illibate
769 3489 966 3567 observatur,
999 3509 1055 3571 per
1079 3489 1211 3550 eosdem
1236 3489 1406 3570 magistros
1429 3491 1576 3552 concives
1606 3510 1680 3552 nos-

409 3609 475 3657 tros
498 3615 537 3656 ex
558 3593 808 3656 racionabilibus
832 3595 935 3656 causis
958 3595 1134 3676 prenotatis
1151 3594 1348 3675 dirigendos,
1373 3613 1481 3656 coram
1505 3596 1599 3658 nobis
1622 3599 1680 3659 ob-

409 3701 527 3762 servari
551 3714 740 3782 assumptos,
764 3715 939 3782 spontanee
963 3721 1163 3781 consensum,
1187 3713 1269 3763 ratas
1292 3701 1447 3762 habentes
1471 3716 1567 3784 atque
1590 3717 1680 3785 grate

411 3820 554 3888 acceptas
577 3806 690 3868 litteris
715 3807 830 3868 nostris
861 3808 1116 3888 privilegialibus
1149 3808 1188 3869 de
1225 3808 1324 3869 verbo
1358 3807 1398 3868 ad
1432 3809 1565 3872 verbum
1595 3825 1680 3872 tran·

411 3913 529 3974 summi
553 3910 714 3991 facientes,
731 3912 807 3994 ipsis
823 3927 978 3994 perpetuo
995 3914 1147 3975 valituras
1171 3913 1320 3975 duximus
1336 3914 1569 3977 concedendas.
1586 3916 1680 3978 luno-

410 4033 520 4080 vantes
542 4031 647 4100 preter
680 4019 834 4099 premissa
866 4019 898 4080 in
932 4020 1054 4082 eisdem
1088 4020 1201 4082 litteris
1233 4021 1350 4082 nostris
1386 4020 1447 4082 hoc
1472 4035 1503 4083 et
1537 4021 1569 4082 id
1606 4023 1681 4104 ipsis

412 4125 570 4206 magistris
594 4123 781 4184 concivibus
815 4124 930 4185 nostris
954 4125 1050 4188 trium
1083 4124 1252 4206 artificum,
1278 4127 1333 4207 qui
1367 4127 1486 4208 pariter
1519 4141 1549 4188 et
1584 4128 1680 4190 simul

413 4230 452 4292 de
478 4229 643 4292 communi
680 4230 873 4311 pronomine
908 4249 1022 4293 omnes
1046 4231 1128 4294 fabri
1164 4232 1227 4294 dici
1262 4245 1406 4314 possunt,
1431 4253 1535 4314 eoque
1567 4235 1680 4296 unani-

412 4337 505 4398 miter
528 4336 659 4397 metallo
684 4334 758 4397 ferri
783 4349 925 4415 utuntur,
949 4336 989 4398 de
1013 4350 1140 4399 maturo
1173 4339 1320 4400 omnium
1346 4353 1491 4401 nostrum
1523 4359 1680 4403 consensu

412 4440 542 4501 eosdem
577 4441 610 4500 in
642 4460 743 4502 unum
779 4441 1031 4522 congregandos,
1068 4455 1102 4505 ut
1132 4443 1245 4505 eadem
1278 4445 1425 4506 libertate
1458 4446 1679 4528 unusquisque

414 4558 523 4625 utputa
547 4545 718 4608 cuiuslibet
741 4548 816 4608 artis
839 4561 1005 4629 prenotate
1031 4549 1173 4629 magistri
1198 4549 1417 4631 calcaripares,
1441 4565 1599 4612 seratores
1622 4552 1679 4612 sci-

412 4648 485 4710 licet
509 4648 588 4712 fabri
612 4663 643 4711 et
665 4651 858 4732 gladiatores
882 4673 1027 4715 seorsum
1053 4668 1084 4715 et
1097 4653 1297 4734 singillatim,
1314 4667 1411 4735 prout
1434 4656 1496 4718 soli
1521 4656 1597 4718 dicti
1614 4675 1680 4718 ma·

412 4753 500 4834 gistri
524 4756 731 4837 calcaripares
747 4772 777 4819 et
794 4773 948 4820 seratores
962 4758 1139 4821 Crisienses
1153 4771 1287 4820 utuntur
1300 4762 1527 4843 communiter,
1543 4763 1680 4844 quilibet

414 4858 453 4918 de
477 4873 542 4920 arte
566 4875 596 4922 et
620 4862 730 4924 labore
754 4865 801 4924 sui
826 4863 949 4926 artificii
978 4864 1040 4927 frui
1073 4866 1197 4948 possint
1228 4881 1260 4929 ct
1290 4868 1429 4930 valeant.
1462 4868 1496 4930 ln
1521 4869 1613 4930 cuius
1635 4869 1678 4929 rei

414 4965 601 5025 memoriam
626 4981 656 5030 et
681 4966 861 5030 firmitatem
887 4984 1074 5052 perpetuam
1104 4985 1266 5054 presentes
1290 4973 1411 5035 litteras
1436 4987 1560 5036 nostras
1584 4973 1678 5056 privi-
