3808 5792
425 557 484 637 184
839 560 914 620 Dor.
938 557 1013 638 146.
1037 591 1079 604 -
1106 559 1166 623 Aa.
1191 571 1274 636 1517.

421 788 554 850 eosdem
578 787 753 850 venerabili
778 788 930 870 magistro
954 787 1105 850 Ladislao
1138 788 1178 849 de
1203 787 1400 868 Gerzenche,
1432 789 1516 852 fratri
1549 805 1581 854 et
1611 811 1687 855 con-

421 895 576 957 canonico
615 909 724 956 nostro
748 913 784 956 ac
819 894 909 956 altari
945 895 1045 956 sancti
1071 895 1210 958 Emerici
1245 895 1278 957 in
1314 897 1447 959 ecclesia
1480 899 1581 960 sancti
1604 900 1688 981 regis

423 1001 575 1084 Stephani
611 1013 795 1062 constructo
823 999 915 1080 lacte,
951 1001 1218 1063 contradiccionis
1249 1002 1408 1064 velamine
1439 1005 1610 1084 obviasset,
1645 1008 1688 1067 ob

424 1106 658 1189 quamquidem
683 1107 975 1169 contradiccionem
1000 1105 1158 1190 prefatum
1184 1107 1383 1170 Demetrium
1415 1111 1613 1192 prepositum
1648 1112 1688 1173 ad

423 1215 612 1276 instanciam
636 1214 712 1275 dicti
736 1213 879 1296 magistri
905 1213 1045 1275 Ladislai
1069 1215 1140 1296 ipso
1164 1215 1300 1276 instante
1325 1216 1425 1277 nostri
1441 1215 1474 1277 in
1491 1218 1689 1298 presenciam

423 1321 548 1382 evocari
573 1319 759 1382 fecissemus
776 1319 816 1381 ad
833 1319 1037 1400 allegandam
1054 1333 1085 1382 et
1101 1320 1299 1382 reddendam
1314 1323 1544 1384 racionabilem
1560 1343 1690 1385 causam

422 1445 479 1488 sue
503 1426 788 1488 contradictionis:
801 1425 866 1498 Qui
890 1425 1021 1486 tandem
1045 1427 1078 1487 in
1102 1427 1241 1489 termino
1265 1428 1477 1509 personaliter
1501 1449 1690 1512 comparens

423 1534 585 1616 allegavit,
609 1532 698 1615 quod
721 1532 850 1594 racione
875 1532 1046 1593 vicinitatis
1069 1547 1101 1594 et
1133 1533 1270 1595 dominii
1294 1554 1344 1614 eo,
1368 1535 1456 1616 quod
1486 1535 1603 1597 domus
1636 1536 1690 1596 illa

423 1654 505 1703 esset
528 1641 587 1702 sub
611 1639 761 1701 dominio
785 1639 985 1721 prepositure
1011 1640 1102 1700 beate
1127 1640 1260 1721 virginis
1283 1639 1414 1722 prefate,
1440 1642 1494 1703 ubi
1519 1642 1587 1724 ipse
1610 1655 1691 1704 esset

424 1747 615 1830 prepositus,
639 1747 741 1828 magis
764 1745 937 1828 pertineret
961 1745 1002 1808 ed
1026 1765 1101 1806 aum
1126 1765 1162 1807 ea
1187 1747 1315 1808 racione
1332 1767 1429 1828 quarn
1446 1747 1487 1809 ad
1503 1748 1691 1828 magistrum

426 1853 621 1916 Ladislaum.
647 1851 796 1914 Tandem
821 1871 857 1913 ex
882 1851 1016 1912 adverso
1041 1851 1127 1913 idern
1153 1853 1303 1934 magister
1328 1853 1495 1915 Ladislaus
1516 1853 1691 1935 respondit,

426 1959 514 2042 quod
538 1960 606 2041 ipsa
631 1958 747 2020 domus
779 1977 853 2019 cum
877 1957 964 2019 curia
988 1970 1019 2019 et
1052 1957 1146 2020 horto
1181 1977 1247 2019 non
1279 1959 1385 2020 solum
1419 1979 1477 2041 pro
1508 1959 1691 2041 pecuniaria

426 2067 592 2128 solucione
616 2065 672 2127 sed
696 2065 798 2126 eciam
822 2065 854 2126 in
879 2077 998 2126 sortem
1022 2065 1198 2126 elemosine
1222 2078 1253 2126 et
1276 2085 1335 2148 pro
1359 2079 1512 2149 perpetua
1535 2066 1692 2127 memoria

426 2172 531 2235 fienda
555 2173 588 2233 in
612 2170 833 2233 celebracione
857 2171 1026 2232 missarum
1060 2171 1092 2232 in
1116 2189 1169 2232 ara
1192 2171 1291 2233 sancti
1325 2172 1462 2233 Emerici
1495 2172 1527 2233 in
1559 2172 1693 2233 ecclesia

425 2280 525 2341 sancti
549 2279 633 2359 regis
657 2276 810 2358 Stephani
835 2295 891 2359 per
914 2274 1055 2358 prelatos
1087 2277 1224 2338 Paulum
1256 2277 1432 2340 litteratum
1463 2291 1495 2339 et
1526 2277 1693 2339 dominam

430 2385 599 2448 Elizabeth
623 2385 741 2446 donata
765 2397 796 2445 et
823 2383 896 2444 data
929 2403 965 2444 ac
998 2383 1114 2466 partim
1147 2383 1276 2446 vendita
1309 2384 1421 2464 extitit,
1452 2396 1548 2468 prout
1576 2383 1693 2445 hocin

427 2495 498 2557 aliis
533 2491 644 2554 litteris
678 2490 795 2554 nostris
825 2489 1049 2552 lassionalibus
1079 2491 1195 2552 clarius
1225 2492 1417 2554 continetur.
1448 2491 1575 2552 Tamen
1608 2489 1693 2552 idem

429 2600 581 2681 magister
604 2597 773 2659 Ladislaus
808 2597 992 2658 desiderans
1022 2615 1145 2679 pacem,
1176 2597 1289 2659 volens
1320 2598 1475 2680 inponere
1504 2596 1601 2658 linem
1631 2597 1695 2658 litis

428 2705 585 2769 benevole
607 2704 777 2783 consensit,
802 2717 837 2764 ut
860 2703 977 2764 domus
1002 2702 1057 2764 illa
1081 2721 1137 2785 per
1161 2704 1281 2786 probos
1305 2716 1336 2765 et
1360 2703 1495 2765 idoneos
1526 2703 1612 2764 viros
1639 2721 1694 2785 per

409 2827 597 2894 utramque
621 2823 744 2895 partem
768 2811 885 2872 electos
908 2809 1083 2889 estimetur,
1106 2822 1137 2870 et
1159 2809 1290 2872 tandem
1314 2809 1405 2872 valor
1427 2808 1605 2871 secundum
1623 2808 1693 2869 esti-

429 2920 611 2981 macionem
636 2918 668 2978 in
703 2929 812 2999 parata
845 2916 981 2998 pecunia
1014 2915 1119 2977 eidem
1153 2915 1342 2998 deponatur,
1374 2935 1432 2999 pro
1464 2935 1528 2997 qua
1559 2915 1695 2998 pecunia

430 3027 517 3089 idem
541 3024 690 3106 magister
714 3022 882 3084 Ladislaus
905 3023 937 3083 in
962 3023 1026 3084 alio
1050 3023 1123 3084 loco
1148 3022 1188 3084 de
1212 3041 1298 3084 novo
1330 3035 1514 3084 construere
1544 3035 1576 3084 et
1606 3021 1695 3083 edili-

429 3152 501 3196 care
525 3131 576 3192 vel
600 3130 696 3192 aliam
721 3147 827 3191 emere
851 3129 891 3190 ad
916 3127 1070 3211 prefatam
1095 3147 1182 3190 aram
1206 3129 1305 3190 sancti
1331 3129 1469 3191 Emerici
1493 3141 1640 3211 paratum
1663 3147 1695 3189 se

430 3239 593 3302 offerebat.
619 3235 720 3298 Cuius
743 3235 986 3317 responsionem
1010 3249 1163 3316 tanquam
1195 3235 1386 3316 legittimam
1410 3249 1441 3297 et
1470 3235 1694 3296 rationabilem

431 3343 619 3411 admisimus
642 3355 673 3404 et
696 3341 897 3402 decrevimus
921 3341 961 3402 ad
986 3341 1199 3404 estimandam
1223 3340 1379 3424 prefatam
1413 3341 1548 3403 domum
1580 3355 1611 3402 et
1643 3359 1694 3402 cu-

432 3453 523 3529 riam,
547 3449 691 3532 partibus
727 3448 1018 3510 consencientibus.
1054 3447 1204 3510 Tandem
1240 3448 1431 3510 adveniente
1454 3448 1594 3509 termino
1622 3448 1695 3508 certi

433 3560 518 3620 cives
542 3555 660 3617 montis
684 3554 854 3617 Grecensis
878 3568 909 3617 et
932 3555 972 3616 de
997 3553 1119 3637 prefata
1150 3555 1349 3638 prepositura
1376 3573 1412 3615 ac
1444 3554 1546 3615 eciam
1578 3553 1617 3614 de
1649 3573 1696 3614 ca·

431 3664 535 3748 pitulo
559 3662 758 3745 carpentarii,
782 3675 961 3723 mutatores
985 3675 1015 3723 et
1039 3662 1093 3723 alii
1118 3662 1210 3744 probi
1228 3662 1287 3723 viri
1316 3661 1356 3722 de
1372 3661 1517 3744 parcium
1533 3661 1696 3721 voluntate

431 3770 535 3849 electi,
560 3769 705 3830 unanimi
729 3782 805 3830 voto
830 3782 861 3830 et
885 3769 1085 3830 concorditer
1109 3767 1296 3846 retulerunt,
1321 3767 1488 3849 quomodo
1521 3767 1580 3849 ipsi
1604 3779 1696 3848 prout

431 3878 476 3939 eis
500 3876 604 3937 visum
628 3873 740 3953 fuerat,
757 3874 812 3936 ubi
837 3874 1044 3936 estimacione
1067 3887 1098 3934 et
1121 3874 1234 3935 leviori
1257 3886 1452 3956 computata,
1470 3873 1696 3934 estimaverunt

433 3983 550 4044 dictam
575 3981 709 4042 domum
733 3999 807 4042 cum
831 3981 918 4042 curia
942 3980 982 4041 ad
1007 3991 1135 4041 centum
1159 3993 1191 4042 et
1217 3981 1380 4062 sexaginta
1412 3979 1552 4041 florenos
1575 3979 1695 4040 habun-

433 4087 617 4150 dantissime
641 4087 824 4168 prevalere;
849 4086 923 4148 ideo
947 4105 1006 4148 nos
1029 4086 1245 4168 capitulariter
1268 4099 1299 4148 et
1322 4085 1513 4167 judicialiter
1536 4087 1695 4148 commisi·

433 4215 505 4256 mus
528 4192 651 4276 prelato
676 4192 841 4254 Demetrio
864 4193 1028 4274 preposito
1052 4210 1160 4254 coram
1184 4192 1278 4253 nobis
1301 4192 1510 4274 personaliter
1533 4193 1649 4254 astanti
1664 4205 1697 4253 ut

434 4299 676 4382 quintodecimo
700 4297 752 4359 die
786 4297 903 4360 dictam
935 4316 1117 4380 sumpmam
1149 4298 1284 4380 pecunie
1315 4311 1443 4360 centum
1476 4311 1507 4359 et
1536 4299 1697 4379 sexaginta

435 4407 574 4468 florenos
598 4405 630 4467 in
656 4419 765 4487 parata
789 4406 926 4487 pecunia
959 4424 1067 4467 coram
1091 4405 1185 4466 nobis
1215 4403 1340 4487 prefato
1374 4405 1511 4486 magisto
1548 4404 1696 4466 Ladislao

434 4513 606 4593 deponere,
630 4523 685 4573 aut
708 4511 846 4572 similem
872 4511 1006 4572 domum
1031 4513 1063 4572 in
1088 4513 1160 4573 loco
1185 4512 1240 4573 ubi
1256 4511 1407 4592 magister
1424 4510 1592 4572 Ladislaus
1609 4511 1698 4573 volu-

436 4619 494 4680 erit
516 4617 664 4680 edificare
688 4617 814 4696 debeat,
850 4617 996 4698 alioquin
1030 4618 1134 4700 ipsum
1167 4619 1355 4699 magistrum
1388 4617 1574 4680 Ladislaum
1606 4618 1699 4679 relin-

436 4743 571 4804 quemus
595 4725 627 4784 in
652 4722 783 4805 pacifica
806 4723 1008 4805 possessione
1040 4737 1071 4785 et
1102 4722 1226 4785 futuros
1257 4724 1414 4786 altaristas
1444 4723 1478 4785 in
1510 4738 1699 4806 perpetuum

436 4829 673 4909 possidendam.
698 4829 774 4902 Quo
806 4830 943 4890 termino
975 4829 1218 4911 quintodecimo
1243 4830 1391 4892 videlicet
1414 4829 1466 4890 die
1497 4828 1699 4906 adveniente,

437 4933 556 4994 nedum
581 4936 612 4995 in
638 4935 754 4996 eodem
778 4936 833 4996 sed
858 4955 916 4996 nec
940 4956 1040 5017 usque
1065 4938 1097 4998 in
1122 4937 1357 5018 presenciarum
1383 4934 1524 5018 prelatus
1549 4935 1699 4998 dominus

438 5039 619 5101 Demetrius
643 5042 824 5123 prepositus
848 5042 949 5122 ipsam
974 5061 1155 5123 sumpmam
1180 5042 1315 5124 pecunie
1347 5041 1509 5123 deponere
1534 5055 1589 5103 aut
1613 5040 1698 5104 edifi-
