3732 5802
391 501 431 562 88

822 506 896 566 Dec.
922 499 970 566 81.
994 539 1036 548 -
1059 507 1116 565 An.
1141 517 1232 580 1510.

392 749 449 791 nos
482 751 539 813 per
569 729 679 792 lideles
710 745 835 792 nostros
866 730 1056 793 honorabile
1085 731 1261 814 capitulum
1286 732 1418 795 ecclesie
1442 734 1657 814 zagrabiensis

389 849 498 897 contra
535 857 593 899 vos
629 855 742 917 graves
780 835 920 918 querele,
955 837 1093 918 qualiter
1124 856 1182 898 vos
1213 857 1279 899 non
1315 839 1455 900 contenti
1495 840 1658 920 prioribus

391 941 517 1002 damnis
533 955 563 1002 et
579 942 704 1005 iniuriis
724 942 845 1005 eisdem
862 942 1090 1024 capitularibus
1107 943 1212 1023 illatis,
1230 943 1333 1006 adhuc
1350 964 1423 1006 cum
1440 945 1516 1027 ipsis
1529 947 1658 1008 racione

392 1047 557 1110 cuiusdam
591 1046 662 1127 lori,
687 1067 752 1130 quo
776 1048 875 1110 iidem
899 1049 1089 1130 capitulares
1113 1069 1131 1110 a
1155 1050 1286 1111 vetustis
1309 1069 1434 1132 semper
1458 1052 1659 1134 temporibus

391 1154 423 1214 in
454 1154 524 1236 ipso
550 1154 691 1236 capitulo
714 1153 845 1237 pacifice
870 1154 917 1216 usi
946 1153 1042 1216 luisse
1067 1155 1227 1234 dicuntur,
1251 1155 1478 1238 disceptaretis,
1503 1157 1656 1239 ipsosque

390 1259 486 1321 variis
517 1259 650 1338 iniuriis,
675 1261 865 1342 damnisque
898 1273 929 1322 et
960 1261 1120 1322 minarum
1151 1261 1417 1342 imposicionibus
1449 1262 1560 1325 dietim
1588 1262 1657 1324 afli-

392 1385 463 1428 cere
496 1386 562 1428 non
594 1368 767 1448 cessaretis,
791 1367 880 1448 quod
905 1387 963 1429 nos
987 1367 1111 1428 diucius
1133 1367 1226 1430 vobis
1250 1365 1331 1429 ferre
1355 1380 1386 1428 et
1409 1369 1474 1450 pati
1499 1369 1657 1448 nolentes,

391 1472 590 1535 decrevimus
621 1493 680 1536 nos
711 1473 782 1556 ipsi,
814 1475 890 1535 scita
921 1474 1009 1556 prius
1038 1474 1266 1557 premissorum
1298 1493 1384 1536 mera
1417 1475 1558 1555 veritate,
1590 1489 1658 1537 tarn

391 1579 561 1662 negocium
597 1577 657 1642 lori
690 1581 800 1662 ipsius,
834 1599 931 1662 quam
963 1581 1058 1642 etiam
1092 1600 1205 1641 omnes
1238 1580 1424 1642 huiusmodi
1460 1581 1592 1642 iniurias
1625 1596 1657 1643 et

392 1685 585 1747 damnorum
610 1685 775 1748 illationes
799 1685 880 1748 inter
905 1704 961 1747 vos
985 1699 1016 1747 et
1038 1686 1143 1767 ipsum
1169 1685 1344 1767 capitulum
1365 1705 1421 1768 per
1437 1685 1495 1748 hec
1511 1701 1659 1769 tempora

391 1790 477 1853 ultro
501 1791 645 1872 citroque
669 1792 839 1853 commissa
856 1810 952 1872 quam
969 1791 1110 1873 primum
1127 1791 1194 1874 jure
1212 1791 1373 1852 mediante
1389 1791 1532 1853 revidere
1549 1807 1579 1854 et
1595 1791 1659 1854 hiis

395 1897 545 1960 omnibus
567 1897 737 1960 indilatam
768 1897 864 1959 finem
898 1898 1074 1981 imponere.
1109 1898 1266 1971 Quamvis
1290 1909 1397 1960 autem
1422 1917 1514 1960 cause
1538 1897 1659 1960 lactum

391 2003 595 2086 proprietatis
626 2023 901 2086 quarumcumque
934 2023 1041 2066 rerum
1072 2018 1103 2065 et
1134 2005 1344 2086 negociorum
1377 2017 1555 2066 vestrorum
1587 2019 1658 2066 tan-

391 2123 503 2191 gentes
524 2123 555 2172 et
571 2123 809 2190 concernentes,
825 2110 1001 2172 secundum
1019 2111 1216 2192 exigenciam
1233 2111 1388 2172 libertatis
1404 2123 1505 2172 vestre
1519 2111 1660 2173 debeant

391 2215 423 2276 in
454 2215 564 2278 sedem
588 2217 729 2298 magistri
752 2215 1011 2279 thavernicorum
1034 2229 1217 2278 nostrorum
1240 2218 1418 2298 provocari,
1446 2229 1553 2279 tamen
1579 2217 1657 2299 quia

390 2339 504 2386 omnes
527 2323 711 2385 huiusmodi
741 2323 922 2385 differencie
947 2335 978 2384 et
999 2322 1214 2384 controversie
1238 2322 1362 2384 ratione
1384 2322 1570 2385 huiusmodi
1595 2322 1659 2386 fori

391 2429 473 2491 inter
496 2447 554 2490 vos
577 2441 608 2490 et
631 2427 820 2511 capitulares
844 2429 930 2512 ipsos
954 2428 1053 2490 modo
1073 2428 1228 2510 premisso
1250 2427 1289 2490 de
1310 2448 1396 2491 novo
1414 2429 1542 2491 suborta
1560 2445 1660 2512 atque

390 2535 548 2597 violencie
580 2549 610 2596 et
643 2535 771 2613 damna,
796 2535 974 2616 iniuriaque
1007 2535 1153 2596 similiter
1175 2534 1301 2596 noviter
1324 2547 1356 2596 et
1379 2535 1488 2597 medio
1511 2549 1660 2618 tempore

391 2643 587 2722 subsequuta
619 2661 675 2724 per
707 2661 766 2703 nos
797 2653 828 2702 et
858 2641 898 2702 de
929 2640 1158 2702 consvetudine
1189 2639 1279 2721 regni
1311 2653 1342 2701 et
1373 2640 1412 2701 de
1440 2641 1524 2722 regie
1548 2655 1660 2704 nostre

392 2747 556 2830 potestatis
579 2747 780 2829 plenitudine
804 2746 991 2825 adiudicari,
1012 2745 1213 2827 reviderique
1238 2759 1269 2808 et
1292 2745 1497 2808 determinari
1521 2747 1661 2828 possint,

391 2854 433 2914 ob
457 2853 518 2913 hoc
542 2852 765 2914 mandavimus
792 2871 849 2934 per
872 2851 950 2912 alias
974 2865 1098 2913 nostras
1121 2850 1274 2932 magistro
1298 2851 1541 2933 prothonotario
1564 2853 1660 2935 regni

392 2959 492 3020 nostri
526 2958 697 3020 Sclauonie
729 2971 759 3020 et
790 2957 949 3038 judicibus
980 2956 1140 3018 nobilium
1169 2957 1341 3035 comitatus
1372 2957 1598 3039 zagrabiensis,
1625 2973 1663 3021 ut

392 3063 452 3146 ipsi
475 3075 506 3125 et
529 3063 569 3124 de
593 3065 726 3145 antiquo
749 3064 893 3145 parcium
918 3082 977 3124 usu
1000 3075 1096 3143 atque
1120 3062 1193 3123 loco
1218 3062 1362 3124 eiusdem
1387 3062 1447 3124 fori
1472 3077 1503 3125 et
1525 3064 1564 3124 de
1585 3065 1663 3126 aliis

392 3169 543 3231 omnibus
574 3169 655 3231 inter
684 3189 741 3231 vos
770 3182 801 3230 et
833 3169 952 3230 dictum
978 3167 1155 3250 capitulum
1180 3167 1333 3230 hactenus
1357 3171 1462 3248 motis,
1487 3169 1605 3232 habitis
1631 3185 1664 3233 et

392 3275 557 3354 suscitatis,
583 3275 765 3336 convocatis
797 3275 953 3336 universis
984 3274 1096 3336 vicinis
1128 3287 1158 3335 et
1191 3275 1419 3348 commetaneis
1448 3289 1661 3358 utrarumque

391 3381 533 3464 parcium
566 3380 743 3443 secundum
776 3381 997 3442 attestaciones
1024 3380 1251 3462 juramentales
1275 3381 1451 3443 eorundem
1475 3382 1662 3445 vicinorum

392 3488 432 3548 ab
465 3487 586 3548 eisdem
615 3487 726 3566 sciant,
751 3488 913 3568 inquirant
944 3500 975 3548 et
1007 3487 1209 3568 experiantur
1232 3505 1353 3548 meram
1379 3499 1409 3547 et
1433 3488 1663 3550 omnimodam

392 3593 590 3656 certitudinis
622 3593 796 3673 veritatem,
822 3613 919 3675 quam
952 3592 1082 3655 tandem
1115 3592 1209 3654 nobis
1238 3593 1269 3653 in
1294 3593 1406 3654 litteris
1429 3593 1571 3675 ipsorum
1597 3597 1662 3657 sub

392 3719 504 3762 eorum
529 3699 642 3780 sigillis
666 3698 800 3762 fideliter
827 3700 1020 3782 perscribere
1046 3711 1076 3760 et
1099 3699 1191 3760 vobis
1215 3699 1358 3779 utrisque
1381 3700 1523 3780 partibus
1547 3719 1661 3763 coram

391 3805 485 3867 nobis
509 3805 559 3866 vel
585 3805 822 3866 locumtenente
844 3819 953 3866 nostro
973 3805 1004 3866 in
1022 3805 1143 3866 eisdem
1161 3805 1272 3866 litteris
1290 3805 1432 3886 ipsorum
1450 3807 1665 3888 comparendi

391 3912 565 3973 terminum
589 3909 741 3992 prefigere
765 3925 795 3972 et
815 3923 951 3972 statuere
968 3911 1102 3973 omnino
1120 3910 1267 3972 debeant.
1285 3909 1490 3994 Quapropter
1506 3913 1665 3975 volumus

393 4030 423 4078 et
454 4015 597 4078 fidelitati
630 4029 731 4078 vestre
764 4017 877 4078 harum
913 4017 992 4078 serie
1025 4017 1221 4078 strictissime
1254 4017 1485 4078 committimus
1512 4029 1544 4078 et
1567 4037 1665 4080 man-

392 4123 516 4200 damus,
548 4135 707 4204 quatenus
738 4123 816 4184 dum
852 4137 882 4183 et
914 4143 1011 4204 quam
1043 4123 1183 4205 primum
1217 4141 1274 4204 per
1306 4122 1444 4184 eundem
1470 4122 1665 4203 magistrum

392 4229 597 4290 Franciscum
622 4229 797 4311 personalis
821 4230 985 4310 presencie
1009 4241 1115 4290 nostre
1140 4242 1171 4289 et
1195 4227 1284 4309 regni
1305 4227 1391 4290 illius
1412 4229 1509 4289 nostri
1526 4229 1665 4309 protho-

392 4335 552 4396 notarium
577 4354 649 4396 cum
674 4336 873 4417 presentibus
898 4335 1041 4417 requisiti
1066 4333 1200 4414 fueritis,
1218 4335 1305 4396 illico
1330 4333 1468 4395 adeum
1493 4335 1604 4396 locum
1631 4351 1666 4398 et

393 4441 479 4502 diem
503 4441 543 4502 ad
567 4461 663 4521 quem
688 4442 780 4502 vobis
804 4441 890 4502 idern
913 4442 1112 4523 deputaverit
1131 4460 1239 4502 coram
1257 4441 1327 4522 ipso
1344 4441 1554 4523 personaliter
1570 4461 1667 4504 cotn-

393 4566 503 4628 parere
527 4559 558 4607 et
580 4547 730 4608 interesse
754 4561 850 4628 atque
876 4547 1009 4625 viciuos,
1033 4559 1193 4627 testesque
1217 4559 1249 4607 et
1272 4546 1380 4607 omnia
1400 4545 1461 4606 alia
1478 4546 1667 4628 probabilia

393 4665 424 4713 et
447 4652 611 4713 evidencia
636 4653 829 4714 documenta
853 4667 966 4731 vestra,
988 4653 1013 4713 si
1039 4672 1101 4734 que
1126 4653 1158 4714 in
1182 4652 1345 4734 premissis
1368 4670 1427 4733 pro
1451 4665 1538 4732 parte
1563 4654 1666 4714 vestri

392 4757 524 4836 habetis,
536 4758 655 4818 ibidem
674 4758 850 4840 producere
872 4772 902 4819 et
924 4759 964 4820 ad
985 4756 1151 4820 fatendum
1168 4758 1201 4819 in
1218 4757 1380 4841 premissis
1396 4775 1527 4819 omnem
1543 4757 1588 4818 rei
1607 4778 1667 4820 ve-

392 4864 517 4925 ritatem
541 4863 608 4925 sine
629 4865 718 4924 omni
743 4864 902 4926 dilacione
926 4863 1076 4926 exhibere
1101 4878 1132 4925 et
1154 4863 1284 4926 tandem
1308 4863 1349 4924 ad
1370 4863 1544 4925 terminum
1567 4865 1667 4926 vobis

393 4989 448 5051 per
482 4969 620 5030 eundem
653 4971 840 5050 magistrum
873 4970 1151 5052 prothonotarium
1184 4989 1291 5031 coram
1324 4969 1418 5031 nobis
1450 4969 1664 5050 comparendi
