3752 5806
641 560 713 621 Doc.
730 556 779 622 61.
794 593 837 605 —
862 562 920 622 An.
938 558 1029 636 1508.
1423 565 1462 645 63

364 664 514 670 --—--—--
616 665 705 670 —-----
718 665 876 672 -..-.-.—-—-
898 667 916 671 —
925 667 1027 672 —....--
1113 668 1222 674 ——.-..-
1233 669 1425 676 ——-—
1434 672 1461 678 —-

186 784 322 863 astucia,
340 783 475 845 honoris
498 785 547 846 sui
572 785 754 865 immemor,
772 788 927 868 quasdam
955 789 1075 850 litteras
1092 789 1279 852 fassionales
1295 811 1361 852 non
1379 793 1465 854 iuxta

190 887 370 952 sessionem
395 891 495 972 ipsius
517 891 682 953 Balthasar
705 905 736 953 et
761 893 957 974 signaturam
980 895 1164 957 huiusmodi
1187 895 1298 977 prefati
1325 898 1463 960 condam

188 997 336 1078 magistri
367 997 476 1075 Blasii,
507 996 562 1058 sed
596 997 692 1080 longe
726 999 818 1060 aliter
848 1013 879 1060 et
911 1000 1042 1080 quidem
1077 1021 1172 1083 super
1205 1003 1357 1064 totalibus
1389 1004 1465 1085 ipsis

188 1103 451 1183 possessionibus
495 1103 640 1164 eiusdem
680 1103 844 1166 Balthasar
888 1121 1066 1168 emanasset
1105 1121 1135 1169 et
1174 1108 1285 1168 ceteris
1324 1109 1465 1170 dominis

189 1209 424 1289 capitularibus
449 1209 556 1270 insciis
584 1223 614 1270 et
645 1209 868 1290 ignorantibus
901 1213 1007 1273 oculte
1031 1213 1139 1294 sigillo
1163 1214 1307 1276 eiusdem
1332 1215 1464 1296 capituli

189 1314 374 1395 sigillasset,
408 1315 517 1396 sicque
550 1315 655 1396 ipsum
687 1315 852 1379 Balthasar
883 1318 1005 1399 juribus
1037 1318 1102 1379 suis
1134 1319 1303 1382 manifeste
1336 1321 1464 1382 destitui

191 1435 403 1501 procurasset.
442 1421 527 1482 Cum
559 1433 667 1482 autem
702 1435 733 1483 et
764 1442 850 1484 nunc
883 1442 1014 1505 quoque
1050 1424 1212 1504 signatura
1249 1425 1314 1506 ipsa
1351 1425 1463 1507 prefati

192 1526 331 1588 condam
358 1527 499 1608 magistri
525 1527 622 1588 Blasii
647 1547 742 1608 super
765 1527 952 1590 huiusmodi
976 1527 1114 1591 fassione
1137 1528 1218 1591 lacta
1242 1532 1298 1591 toti
1324 1532 1464 1614 capitulo

193 1631 280 1692 illius
317 1632 451 1694 ecclesie
487 1633 703 1714 zagrabiensis
734 1647 892 1696 constaret
920 1635 1037 1697 directe
1062 1649 1093 1696 et
1124 1635 1298 1714 evidenter,
1331 1637 1464 1718 ipseque

191 1738 345 1818 magister
370 1737 552 1819 Stephanus
584 1741 626 1800 ob
654 1739 840 1802 huiusmodi
865 1741 1018 1803 delictum
1043 1760 1137 1802 suum
1162 1741 1277 1802 merito
1303 1755 1384 1803 esset
1406 1763 1465 1825 pu·

192 1843 342 1922 niendus,
368 1843 487 1905 idcirco
519 1843 685 1906 hortamur
715 1847 938 1927 paternitatem
970 1860 1106 1908 vestram
1139 1861 1169 1908 et
1201 1849 1393 1928 requirimus
1424 1871 1463 1910 ne

191 1951 336 2031 paciatur
368 1949 407 2010 de
439 1965 543 2012 cetero
575 1951 761 2014 scandalum
794 1953 980 2014 huiusmodi
1014 1953 1047 2014 in
1072 1953 1203 2014 ecclesia
1229 1973 1284 2016 sua
1309 1953 1388 2032 lieri,
1412 1974 1463 2014 ex-

191 2056 334 2136 indeque
367 2056 581 2138 preiudicium
618 2071 649 2118 et
681 2059 835 2120 damnum
869 2059 1039 2140 regnicolis
1070 2060 1186 2121 nostris
1216 2061 1372 2142 generari,
1406 2061 1462 2122 sed

192 2160 325 2222 honoris
350 2161 398 2222 sui
421 2163 537 2243 gracia,
562 2163 714 2224 accersito
737 2163 831 2224 adse
856 2177 887 2225 et
904 2177 1017 2225 vocato
1035 2165 1104 2246 ipso
1121 2164 1274 2246 magistro
1294 2165 1462 2248 Stephano

191 2266 322 2346 lectore,
347 2287 385 2326 ex
414 2281 501 2349 parte
534 2269 678 2330 eiusdem
702 2267 826 2351 prelato
851 2269 1017 2331 Balthasar
1041 2269 1132 2330 dcet
1156 2289 1251 2352 super
1275 2272 1463 2333 huiusmodi

192 2373 356 2434 calumnia
379 2387 410 2436 et
433 2376 613 2436 excessibus
637 2375 736 2458 ipsius
760 2376 845 2437 iuxta
868 2375 1091 2456 cognicionem
1113 2377 1159 2438 rei
1177 2377 1328 2457 veritatis,
1345 2377 1464 2438 iustum

190 2491 222 2542 et
245 2491 370 2541 rectum
394 2479 548 2542 iudicium
573 2494 605 2541 et
628 2481 786 2562 justiciam
818 2481 919 2542 facere
944 2495 976 2543 et
1000 2481 1233 2561 administrare,
1257 2497 1288 2544 et
1311 2485 1336 2545 si
1361 2497 1463 2566 pater·

192 2585 274 2647 nitas
312 2597 417 2646 vestra
450 2585 625 2648 reverenda
655 2587 809 2668 premissa
841 2589 884 2649 sic
915 2608 948 2649 se
979 2587 1096 2650 habere
1121 2589 1321 2670 compererit,
1347 2575 1461 2651 extun'c

191 2691 298 2773 ipsum
322 2691 510 2772 magistrum
535 2691 734 2774 Stephanum
763 2713 821 2775 pro
846 2693 1075 2756 demeritorum
1101 2693 1254 2775 qualitate
1278 2715 1362 2776 pena
1385 2714 1461 2756 con·

192 2797 289 2878 digna
313 2799 428 2879 punire
453 2799 553 2860 eciam
577 2798 655 2860 velit
679 2813 710 2860 et
732 2799 865 2876 debeat;
888 2821 927 2860 ne
952 2799 991 2860 de
1016 2815 1122 2862 cetero
1146 2800 1202 2862 alii
1226 2800 1287 2862 hoc
1312 2802 1461 2883 exemplo

192 2903 308 2982 edocti,
323 2903 491 2984 quitquam
508 2904 571 2966 tale
588 2919 775 2986 attemptare
792 2920 1023 2988 presummant,
1037 2920 1144 2968 nostra
1161 2907 1248 2988 regia
1262 2907 1462 2987 presentibus

190 3010 283 3070 vobis
308 3010 341 3071 in
366 3009 423 3072 hac
446 3023 534 3092 parte
560 3011 709 3073 attributa
727 3023 758 3073 et
774 3025 875 3073 vestra
894 3031 1025 3095 quoque
1042 3012 1203 3074 ordinaria
1220 3013 1463 3074 auctoritatibus

191 3115 364 3178 mediante.
397 3116 601 3178 Presentibus
632 3119 790 3199 perlectis,
822 3117 983 3180 exhibenti
1020 3119 1180 3180 restitutis.
1220 3119 1339 3180 Datum
1370 3118 1460 3180 Bude

190 3220 268 3283 feria
293 3223 391 3283 tercia
415 3223 560 3303 proxima
583 3237 655 3305 post
679 3225 876 3286 dominicam
901 3223 1008 3286 Oculi.
1026 3229 1121 3286 Anno
1145 3225 1268 3286 domini
1287 3224 1461 3286 millesimo

191 3329 453 3408 quingentesimo
477 3343 605 3391 octavo.

600 3452 651 3514 Ad
676 3453 936 3534 proposicionem
961 3453 1122 3535 magnifici
1147 3453 1271 3515 domini
1296 3454 1462 3517 Benedicti

659 3541 699 3602 de
724 3542 879 3625 Bathyan,
903 3541 1095 3604 thezaurarii
1119 3543 1206 3624 regie
1231 3543 1416 3605 Maiestatis.

299 3679 438 3746 Originale
458 3679 483 3732 in
504 3682 603 3746 charta,
623 3679 649 3733 in
669 3681 786 3745 margine
806 3680 924 3732 inferiori
943 3682 1101 3746 impressum
1122 3687 1164 3733 est
1183 3683 1308 3748 sigillum.
1322 3682 1349 3732 lu
1364 3681 1461 3736 archiv.

188 3785 247 3822 ven.
268 3768 347 3834 Capit
376 3771 482 3834 zagrab.
501 3770 557 3821 Act.
578 3770 640 3834 Cap.
661 3775 714 3822 ant.
734 3770 796 3822 fase.
817 3769 858 3822 95.
879 3783 916 3823 ur.
939 3769 979 3823 11.

797 4053 853 4118 61.

296 4229 371 4278 Anno
394 4227 468 4292 1508,
490 4227 513 4278 5.
534 4225 602 4278 maii.
622 4225 778 4292 Zagrabiae.

192 4371 298 4430 coram
330 4373 530 4429 communitate
561 4371 686 4429 civitatis
716 4371 866 4428 Emericus
901 4371 1031 4429 Mikulrl
1059 4390 1163 4444 agrurn
1197 4390 1279 4429 suum
1316 4372 1463 4430 JlIicltaeli

576 4475 702 4551 pellifici
723 4476 763 4533 16
778 4476 849 4551 star.
871 4478 942 4533 auri
963 4476 1065 4536 vendit.

294 4618 364 4678 Nos
399 4615 571 4693 Johannes,
607 4614 691 4675 filius
727 4613 870 4696 Georgii,
908 4615 1013 4698 judex,
1049 4615 1221 4694 lohannes,
1257 4614 1457 4692 Dominicus,

190 4723 348 4801 Matheus,
387 4722 483 4800 lwan,
519 4721 722 4802 Benedictus,
759 4721 945 4803 Gregorius,
982 4720 1163 4802 Stephanus
1201 4735 1231 4782 et
1270 4721 1460 4781 Ambrosius

188 4828 293 4908 jurati,
319 4827 493 4889 consiliarii
518 4841 550 4888 et
573 4827 712 4888 universi
737 4827 822 4888 cives
839 4827 975 4888 civitatis
992 4826 1284 4907 Montisgrecensis.
1304 4826 1460 4888 Memoria

188 4933 455 4996 commendamus
478 4947 589 4994 tenore
613 4933 813 5014 presencium
837 4931 1061 5013 significantes,
1092 4933 1209 5012 quibus
1233 4932 1361 5014 expedit
1390 4931 1459 4992 uni·
1483 4967 1500 4992 ι

190 5041 302 5101 versis:
336 5039 426 5118 quod
458 5039 599 5121 prudens
629 5055 660 5100 et
691 5039 939 5120 circumspectus
972 5039 1021 5098 vir
1045 5039 1210 5099 Emericus
1238 5039 1394 5099 litteratus
1419 5036 1457 5096 de
