3808 5792
668 531 741 592 Doc.
765 527 837 592 188.
861 563 904 575 -
928 532 1097 608 An.1523.
1443 550 1505 614 237

237 757 282 818 sic
317 770 351 818 ut
395 755 552 840 prefertur
587 771 735 837 erectam,
772 771 978 820 restauratam
1015 772 1046 820 et
1076 757 1281 822 reformatam
1318 759 1434 842 aliquis
1469 781 1506 822 ex

243 863 471 926 concanonicis
495 863 678 947 impetrare,
703 876 866 946 acceptare
891 878 921 926 et
944 863 1108 946 possidere
1138 877 1193 926 aut
1217 865 1287 928 usui
1310 885 1368 928 suo
1394 867 1509 948 quovis

238 969 337 1031 modo
360 970 461 1052 possit
483 981 538 1031 aut
561 969 666 1032 valeat
689 989 846 1054 occupare
869 989 926 1053 per
960 970 1181 1052 cuiuscunque
1211 971 1426 1034 donacionem
1456 973 1507 1034 vel

239 1075 462 1154 collacionem,
486 1075 632 1157 alioquin
657 1089 766 1138 contra
799 1077 998 1139 voluntatem
1033 1087 1064 1139 et
1095 1076 1126 1137 in
1160 1077 1373 1158 preiudicium
1406 1091 1437 1140 et
1460 1079 1507 1140 in·

239 1181 352 1242 iuriam
377 1195 519 1243 nostram
543 1181 754 1264 capitularem
778 1195 809 1243 et
832 1201 1037 1256 succesorum
1050 1193 1233 1244 nostrorum
1251 1202 1287 1242 ex
1307 1202 1392 1244 nunc
1407 1197 1506 1264 prout

240 1300 377 1348 extunc
401 1300 432 1348 et
456 1301 571 1350 extunc
604 1300 701 1370 prout
735 1307 773 1348 ex
804 1307 888 1348 nunc
921 1287 994 1349 talis
1030 1285 1228 1368 impetrator,
1263 1301 1444 1369 acceptator
1479 1301 1510 1350 et

241 1411 406 1474 possessor
429 1393 558 1454 noverit
593 1391 708 1454 factam
743 1391 811 1454 fore
845 1405 876 1454 et
906 1404 1093 1456 attentatam
1128 1391 1235 1454 luisse.
1271 1391 1434 1474 Quodque
1469 1413 1508 1454 ne

241 1499 307 1580 ipsa
332 1498 545 1560 saluberrima
570 1497 737 1560 ordinacio
761 1497 794 1559 in
818 1517 966 1560 successu
988 1507 1172 1580 temporum
1196 1497 1387 1560 anichilatur
1411 1511 1442 1559 et
1475 1498 1506 1559 in

240 1604 441 1668 oblivionem
466 1604 617 1667 devenire
642 1605 751 1688 possit,
768 1605 895 1687 copiam
919 1605 1033 1666 harum
1050 1617 1230 1667 nostrarum
1255 1605 1432 1668 litterarum
1450 1625 1507 1688 per

241 1710 435 1773 modernum
459 1710 630 1772 dominum
655 1711 809 1774 lectorem
832 1723 976 1772 nostrum
994 1709 1028 1772 in
1044 1723 1189 1772 nostrum
1214 1709 1333 1773 librum
1358 1710 1509 1772 iussimus

243 1817 479 1878 inscribendam
505 1836 545 1879 eo
579 1815 673 1879 lacto.
710 1817 744 1878 ln
781 1817 872 1880 cuius
906 1817 952 1878 rei
985 1817 1175 1878 memoriam
1211 1827 1243 1878 et
1276 1816 1508 1896 testimonium,

242 1921 490 2004 firmitatemque
524 1935 713 2006 perpetuam
750 1923 892 2005 sigillum
932 1935 1076 1984 nostrum
1112 1921 1323 1984 auttenticum
1359 1921 1511 1984 duximus

243 2027 504 2110 appendendum.
529 2030 646 2091 Datum
671 2027 750 2090 feria
773 2040 860 2092 sexta
885 2028 917 2090 in
942 2026 1022 2090 festo
1055 2026 1155 2088 sancti
1189 2025 1275 2089 Galli
1307 2026 1510 2090 confessoris.

244 2137 339 2195 Anno
364 2133 487 2196 domini
513 2135 687 2197 millesimo
711 2135 971 2218 quingentesimo
994 2133 1152 2215 vigesimo
1175 2133 1286 2195 tercio.

768 2242 879 2303 Petrus
902 2239 942 2302 de
968 2237 1120 2322 Grangya
1153 2238 1253 2302 lector
1283 2252 1315 2301 et
1338 2241 1511 2302 canonicus

772 2346 905 2410 ecclesie
929 2345 1156 2428 zagrabiensis,
1168 2345 1213 2406 sic
1231 2358 1265 2407 ut
1281 2343 1448 2428 prefertur,
1470 2346 1512 2408 de

772 2453 925 2515 mandato
950 2451 1084 2533 scripsit.

353 2574 556 2644 Transnmptnrn
576 2574 602 2624 in
622 2574 711 2624 charta
742 2572 769 2624 ln
789 2573 859 2627 arch.
890 2589 949 2626 ven.
976 2574 1040 2639 Cap.
1068 2573 1175 2637 zagrab.
1207 2574 1265 2624 Act.
1287 2587 1345 2638 cap.
1378 2580 1429 2627 ant.
1449 2573 1512 2635 lasc,

246 2661 307 2716 101.
328 2678 366 2716 nr.
386 2663 427 2714 21.

838 2909 922 2975 188.

352 3051 427 3103 Anno
449 3051 525 3104 1523.
546 3051 589 3105 29.
609 3051 737 3104 octobris.
758 3037 878 3104 darnae.

352 3193 542 3284 Valentinus
566 3194 709 3256 notarius
733 3191 939 3272 chasmensis,
964 3189 1042 3254 feria
1074 3191 1186 3274 quinta
1218 3205 1290 3274 post
1321 3191 1437 3255 festum
1472 3213 1513 3256 ss.

249 3299 393 3361 Simonis
415 3312 446 3361 et
469 3299 588 3360 Judae:
624 3299 718 3360 Petro
743 3297 906 3380 Grangya,
930 3297 1052 3360 lectori.
1078 3297 1170 3359 Mitto
1191 3317 1375 3380 processum
1400 3297 1439 3359 ad
1468 3298 1515 3360 in-

247 3405 396 3467 stantiam
421 3405 635 3488 procuratoris
659 3403 775 3466 fiscalis
798 3417 908 3466 contra
933 3415 1108 3466 castrenses
1124 3402 1164 3464 de
1182 3403 1374 3466 Medvevara
1392 3403 1515 3465 ratione

248 3511 421 3592 sacrilegae
446 3530 600 3573 manuum
636 3510 818 3591 injectionis
850 3510 882 3571 in
914 3509 1090 3592 plebanum
1122 3508 1162 3571 de
1196 3508 1355 3571 Vrabchia
1389 3507 1515 3587 factam,

249 3631 445 3695 emanatum,
462 3635 559 3698 quem
584 3629 615 3678 et
637 3616 725 3699 prius
742 3615 909 3694 misissem,
920 3615 945 3676 ai
970 3615 1042 3696 quis
1058 3614 1258 3676 sollicitasset
1275 3633 1334 3696 pro
1350 3633 1400 3693 eo,
1418 3633 1515 3695 quem

250 3723 375 3784 dudum
397 3737 508 3784 cantor
532 3723 564 3784 in
589 3721 664 3784 sede
688 3733 944 3804 praesentaverat
960 3734 991 3782 et
1006 3720 1039 3782 in
1057 3740 1171 3782 manus
1187 3739 1274 3781 meas
1291 3719 1516 3801 assignaverat,

250 3845 357 3890 tamen
384 3829 480 3907 idem,
504 3842 572 3890 turn
598 3829 737 3890 maxima
754 3825 936 3888 infirmitate
953 3839 1022 3888 tum
1047 3826 1118 3888 aliis
1137 3825 1278 3907 episcopi
1303 3825 1518 3906 zagrabiensis

250 3935 390 4015 negotiis
414 3935 628 4017 praepeditus,
652 3933 692 3995 ad
717 3933 948 3994 extrahendum
973 3931 1159 3994 huiusmodi
1184 3949 1367 4013 processum
1384 3930 1517 3990 minime

250 4039 424 4102 sollicitare
448 4040 562 4122 potuit.

359 4161 526 4217 llarcelovic'.
547 4161 674 4229 Regesta,
694 4167 722 4213 at
742 4177 830 4229 supra.
