3732 5802
381 541 422 602 90
800 525 872 584 Doc.
896 521 948 600 83.
974 559 1015 567 —
1041 527 1099 588 An.
1123 537 1211 599 1510.

380 629 627 636 ——p-*---
649 629 682 635 --
719 631 739 634 —
772 631 927 636 -.---.--—
1065 631 1215 637 w—
1233 630 1642 637 .--—-—-—.-.--—.-—.—.

978 751 1040 818 83.

487 909 562 961 Anno
583 909 658 960 1510.
677 907 834 974 Zagrabiae.

384 1051 547 1127 Capitulum
577 1055 761 1127 angrabt'cnre
778 1056 896 1130 Julium
927 1055 968 1117 II.
988 1063 1097 1129 papam
1123 1063 1210 1128 rogat
1234 1056 1443 1129 concessionem,
1469 1064 1503 1112 ut
1523 1057 1642 1113 ccclesia

377 1179 400 1220 s.
423 1161 553 1218 Emert'ci
584 1161 728 1236 dimam,
752 1159 955 1236 paracla'aque
985 1164 1015 1220 in
1046 1163 1184 1226 desertum
1215 1163 1420 1220 monasterium
1450 1162 1645 1220 Ct'stercitcnsc

906 1270 1115 1344 transferatur.

481 1405 666 1466 Beatissimo
691 1418 788 1486 pater.
812 1405 943 1467 Dudum
968 1406 1000 1468 S.
1017 1407 1054 1469 V.
1073 1426 1131 1489 pro
1156 1420 1244 1489 parte
1268 1409 1352 1469 bone
1376 1408 1534 1474 memorie
1552 1408 1642 1469 Luce

375 1509 517 1591 episcopi
548 1511 772 1592 zagrabiensis,
796 1513 939 1594 exposito
972 1513 1060 1594 quod
1092 1513 1223 1575 ecclesia
1255 1535 1311 1576 sua
1335 1514 1562 1597 zagrabiensis,
1587 1515 1641 1575 cui

376 1631 509 1697 preerat,
526 1630 557 1678 et
581 1637 677 1699 quam
703 1618 767 1679 iarn
791 1618 915 1680 dudum
939 1633 1128 1700 sumptuoso
1152 1633 1183 1681 et
1207 1621 1350 1698 preclaro
1375 1640 1470 1702 opere
1497 1619 1641 1681 edificari

377 1720 536 1803 inceptam
571 1722 637 1804 ipse
670 1744 687 1784 a
719 1723 828 1805 paucis
858 1724 950 1785 annis
981 1725 1057 1786 citra
1081 1725 1205 1806 magnis
1228 1726 1409 1808 sumptibus
1433 1740 1464 1787 et
1487 1725 1643 1807 impensis

376 1828 576 1891 ornatissime
609 1827 783 1911 perfecerat
814 1841 845 1892 et
876 1829 1090 1909 decoraverat,
1123 1830 1303 1892 confinibus
1334 1831 1551 1909 Thurcorum,
1584 1832 1640 1912 qui

375 1947 480 2016 partes
504 1936 574 1997 illas
601 1935 855 2018 frequentissime
881 1934 1083 2016 infestabant,
1107 1937 1343 2002 incursionibus
1366 1937 1548 2020 propinqua
1574 1952 1642 1999 erat

376 2055 407 2101 et
430 2054 611 2123 propterera
635 2043 815 2103 timendum
840 2056 916 2120 erat,
932 2043 1022 2123 quod
1039 2043 1171 2104 ecclesia
1189 2043 1256 2125 ipsa
1272 2044 1333 2105 nisi
1350 2043 1379 2106 ei
1396 2044 1435 2105 de
1452 2058 1637 2126 opportune

376 2145 571 2209 defensionis
594 2148 735 2230 presidio
759 2148 849 2209 aliter
873 2162 1102 2228 succureretur,
1127 2169 1182 2231 per
1207 2149 1405 2212 incursiones
1429 2149 1638 2211 Thurcorum

375 2254 591 2334 predictorum
616 2255 704 2316 brevi
729 2254 944 2332 desolaretur3
969 2254 1055 2317 unde
1079 2255 1145 2336 ipse
1170 2256 1273 2318 Lucas
1296 2255 1464 2338 episcopus
1487 2275 1546 2337 pro
1563 2275 1641 2317 con-

375 2361 558 2422 servacione
592 2360 735 2423 eiusdem
761 2361 893 2422 ecclesie
916 2362 1005 2423 illam
1029 2362 1094 2422 suis
1117 2362 1297 2444 sumptibus
1321 2375 1352 2423 et
1375 2361 1520 2443 expensis
1545 2381 1640 2423 muro

375 2480 405 2527 et
428 2468 678 2550 propugnaculis
702 2468 952 2548 congruentibus
975 2469 1102 2549 cingere
1127 2480 1157 2528 et
1178 2468 1304 2529 munire
1327 2469 1550 2549 proponebat;
1583 2469 1640 2529 sed

373 2587 503 2654 propter
535 2574 597 2634 loci
631 2573 809 2654 augustiam
840 2573 873 2634 id
905 2571 1054 2655 perlicere
1085 2592 1150 2635 non
1174 2585 1309 2655 poterat,
1333 2586 1364 2634 et
1387 2574 1412 2634 si
1438 2573 1469 2634 in
1494 2573 1640 2654 quodam

373 2678 483 2760 aliquo
506 2693 537 2741 et
560 2699 642 2762 pene
666 2678 791 2740 deserto
814 2679 1008 2741 monasterio
1034 2678 1254 2741 Cisterciensis
1278 2678 1400 2740 ordinis
1416 2698 1472 2741 sue
1490 2679 1639 2758 civitatis,

374 2785 464 2846 cuius
488 2784 608 2847 fructus
631 2785 728 2846 etiam
752 2785 928 2846 admodum
952 2799 1064 2846 tenues
1084 2799 1138 2846 aut
1154 2785 1234 2846 nulli
1252 2798 1351 2863 erant,
1369 2797 1400 2845 et
1416 2785 1505 2866 quod
1521 2786 1639 2847 abbate

374 2905 405 2952 et
428 2905 588 2952 conventu
612 2892 738 2952 carebat
759 2890 839 2952 ordo
866 2889 1051 2952 huiusmodi
1076 2905 1232 2972 perpetuo
1256 2891 1518 2972 supprimeretur,
1543 2891 1638 2952 etad

374 2997 517 3058 eiusdem
550 2998 733 3082 monasterii
768 2995 945 3076 ecclesiam,
971 2997 1109 3078 quedam
1133 2996 1325 3078 parochialis
1350 2995 1482 3058 ecclesia
1507 2997 1540 3058 in
1565 2998 1639 3060 loco

372 3103 413 3163 ad
437 3103 678 3184 propugnacula
702 3102 887 3163 huiusmodi
912 3103 1124 3164 construenda
1145 3103 1324 3164 necessario
1345 3102 1521 3164 consistens
1537 3116 1640 3164 trans-

373 3207 500 3286 feretur,
521 3209 685 3290 ipsiusque
718 3208 909 3290 parochialis
940 3209 1071 3270 ecclesie
1101 3207 1224 3270 edificia
1248 3229 1345 3291 parva
1369 3222 1400 3269 et
1421 3209 1496 3270 satis
1520 3209 1639 3271 rustica

373 3315 602 3376 demolirentur
633 3335 688 3376 seu
721 3315 799 3378 alias
832 3335 868 3376 ea
893 3328 923 3376 et
954 3316 1044 3377 locus
1068 3316 1135 3397 ipse
1160 3315 1192 3376 in
1217 3334 1310 3377 usum
1335 3328 1365 3377 et
1390 3315 1547 3376 fabricam
1568 3315 1636 3376 dic·

372 3435 478 3483 torum
510 3423 826 3504 propugnaculorum
858 3421 1077 3503 redigerentur
1109 3435 1140 3483 et
1163 3435 1434 3501 converterentur,
1458 3434 1489 3482 et
1513 3421 1545 3482 in
1570 3434 1638 3483 tota

373 3549 429 3589 sua
459 3527 598 3590 dioecesi
632 3541 836 3610 preterquam
868 3529 962 3589 unius
993 3528 1187 3589 chasmensis
1218 3528 1388 3609 collegiate
1412 3541 1443 3588 et
1467 3527 1636 3588 cuiusdam

372 3635 567 3714 monasterii,
592 3634 679 3715 quod
703 3647 779 3695 tunc
803 3655 820 3695 a
844 3634 933 3696 laicis
957 3637 1182 3717 occupabatur,
1207 3635 1294 3695 nulle
1318 3653 1454 3716 persone
1479 3634 1510 3694 in
1535 3633 1638 3695 eccle-

373 3742 496 3802 siastica
520 3741 673 3822 dignitate
698 3741 866 3802 constitute
891 3741 1077 3820 existebant,
1095 3741 1211 3822 quibus
1236 3760 1329 3802 cause
1354 3740 1529 3823 apostolice
1548 3759 1637 3801 com·

372 3847 454 3908 mitti
486 3859 626 3928 possent,
651 3846 763 3907 eadem
795 3847 942 3908 sanctitas
965 3847 1003 3908 V.
1028 3847 1134 3908 eidem
1167 3847 1252 3908 Luce
1282 3847 1434 3928 episcopo
1458 3846 1523 3906 suis
1547 3846 1638 3908 dedit

371 3953 483 4014 litteris
507 3953 539 4013 in
563 3952 722 4014 mandatis
745 3952 892 4014 ordinem
917 3954 949 4013 in
973 3953 1106 4034 antiquo
1131 3953 1326 4015 monasterio
1350 3952 1584 4034 supprimendi,
1607 3967 1639 4014 et

371 4059 396 4120 si
421 4059 461 4120 ad
494 4059 526 4119 id
549 4071 624 4120 tunc
648 4060 778 4120 rectoris
802 4058 883 4120 dicte
907 4057 1100 4143 parochialis
1123 4059 1255 4121 ecclesie
1278 4077 1444 4142 expressus
1469 4057 1637 4121 accederet

372 4185 526 4243 assensus,
549 4166 649 4248 ipsam
669 4165 885 4248 parochialem
910 4167 1077 4228 ecclesiam
1101 4166 1134 4226 in
1159 4165 1326 4228 ecclesiam
1350 4165 1426 4226 dicti
1449 4165 1638 4226 monasterii

371 4270 590 4350 transferendi,
609 4271 772 4353 ipsiusque
796 4272 987 4353 parochialis
1011 4272 1143 4334 ecclesie
1167 4271 1211 4333 sic
1233 4283 1310 4332 tunc
1333 4270 1484 4332 translate
1510 4269 1638 4332 edificia

372 4375 518 4436 demoliri
553 4375 702 4454 faciendi,
735 4397 835 4459 eaque
872 4391 902 4438 et
936 4378 1044 4439 locum
1076 4377 1181 4459 ipsum
1217 4377 1249 4438 in
1284 4395 1379 4438 usum
1415 4389 1445 4438 et
1481 4375 1637 4438 fabricam

371 4481 528 4542 dictorum
556 4483 871 4564 propugnaculorum
896 4483 1062 4565 redigendi
1087 4483 1348 4544 et'convertendi
1372 4502 1431 4544 nec
1455 4501 1520 4544 non
1546 4483 1638 4563 quod

371 4584 452 4666 (pro)
476 4599 619 4669 tempore
644 4588 780 4649 existens
804 4601 906 4650 rector
929 4587 1148 4650 transferende
1172 4588 1314 4668 ecclesie,
1338 4601 1510 4671 postquam
1534 4601 1637 4650 trans-

371 4691 433 4750 lata
459 4691 548 4769 foret,
576 4706 689 4754 extunc
714 4693 754 4755 de
778 4707 882 4756 cetero
906 4696 1068 4778 perpetuis
1093 4693 1207 4756 futuris
1231 4693 1430 4776 temporibus
1454 4695 1639 4776 prepositus

372 4811 618 4876 nuncuparetur,
642 4813 672 4860 et
705 4799 744 4860 ad
770 4800 927 4879 ellectum,
952 4815 987 4862 ut
1011 4801 1050 4880 ei,
1072 4813 1238 4882 tamquam
1261 4819 1397 4882 persone
1422 4800 1454 4861 in
1479 4799 1637 4882 dignitate

373 4899 581 4963 ecclesiastica
606 4905 785 4983 constitute,
806 4927 898 4967 cause
924 4907 1023 4968 eciam
1047 4925 1256 4988 personarum
1277 4905 1359 4966 dicte
1376 4905 1509 4966 ecclesie
1526 4926 1639 4987 zagra-

373 5004 490 5066 biensis
521 5027 538 5066 a
569 5009 642 5069 sede
675 5010 815 5090 predicta
851 5013 1007 5074 committi
1040 5026 1179 5095 possent,
1204 5012 1235 5073 in
1267 5010 1422 5092 dignitate
1445 5011 1637 5074 huiusmodi
