<?xml version="1.0" encoding="UTF-8"?>
<!DOCTYPE html PUBLIC "-//W3C//DTD XHTML 1.0 Transitional//EN"
    "http://www.w3.org/TR/xhtml1/DTD/xhtml1-transitional.dtd">
<html xmlns="http://www.w3.org/1999/xhtml" xml:lang="en" lang="en">
 <head>
  <title>
</title>
<meta http-equiv="Content-Type" content="text/html;charset=utf-8" />
  <meta name='ocr-system' content='tesseract 3.04.00' />
  <meta name='ocr-capabilities' content='ocr_page ocr_carea ocr_par ocr_line ocrx_word'/>
</head>
<body>
  <div class='ocr_page' id='page_1' title='image "./monumentahistor16laszgoog_0167.png"; bbox 0 0 3752 5806; ppageno 0'>
   <div class='ocr_carea' id='block_1_1' title="bbox 199 544 1473 2340">
    <p class='ocr_par' dir='ltr' id='par_1_1' title="bbox 199 544 1473 2340">
     <span class='ocr_line' id='line_1_1' title="bbox 650 544 1468 626; baseline 0.005 -24"><span class='ocrx_word' id='word_1_1' title='bbox 650 545 723 606; x_wconf 85' lang='lat' dir='ltr'>Dor.</span> <span class='ocrx_word' id='word_1_2' title='bbox 733 557 788 620; x_wconf 75' lang='lat'>32.</span> <span class='ocrx_word' id='word_1_3' title='bbox 803 575 847 588; x_wconf 87' lang='grc'><strong>-</strong></span> <span class='ocrx_word' id='word_1_4' title='bbox 869 544 927 606; x_wconf 86' lang='lat' dir='ltr'>An.</span> <span class='ocrx_word' id='word_1_5' title='bbox 946 555 1038 622; x_wconf 71' lang='lat'><em>1504.</em></span> <span class='ocrx_word' id='word_1_6' title='bbox 1432 563 1468 626; x_wconf 87' lang='lat'>31</span> 
     </span>
     <span class='ocr_line' id='line_1_2' title="bbox 203 769 1470 854; baseline 0.002 -25"><span class='ocrx_word' id='word_1_7' title='bbox 203 769 399 848; x_wconf 86' lang='lat' dir='ltr'>firmissime,</span> <span class='ocrx_word' id='word_1_8' title='bbox 422 782 581 850; x_wconf 88' lang='lat' dir='ltr'>quatenus</span> <span class='ocrx_word' id='word_1_9' title='bbox 606 769 722 830; x_wconf 90' lang='lat' dir='ltr'>habitis</span> <span class='ocrx_word' id='word_1_10' title='bbox 745 771 947 852; x_wconf 84' lang='lat' dir='ltr'>presentibus</span> <span class='ocrx_word' id='word_1_11' title='bbox 971 769 1130 853; x_wconf 85' lang='lat' dir='ltr'>prelatum</span> <span class='ocrx_word' id='word_1_12' title='bbox 1163 771 1300 832; x_wconf 90' lang='lat' dir='ltr'>Paulum</span> <span class='ocrx_word' id='word_1_13' title='bbox 1325 772 1470 854; x_wconf 87' lang='lat' dir='ltr'>Kwnych</span> 
     </span>
     <span class='ocr_line' id='line_1_3' title="bbox 204 875 1473 960; baseline 0.005 -26"><span class='ocrx_word' id='word_1_14' title='bbox 204 875 420 957; x_wconf 86' lang='lat' dir='ltr'>personaliter</span> <span class='ocrx_word' id='word_1_15' title='bbox 443 875 610 953; x_wconf 81' lang='lat' dir='ltr'>accedatis,</span> <span class='ocrx_word' id='word_1_16' title='bbox 624 875 795 958; x_wconf 87' lang='lat' dir='ltr'>ipsumque</span> <span class='ocrx_word' id='word_1_17' title='bbox 817 877 986 939; x_wconf 84' lang='lat' dir='ltr'>salubriter</span> <span class='ocrx_word' id='word_1_18' title='bbox 1010 877 1221 940; x_wconf 78' lang='lat' dir='ltr'>ammoneatis</span> <span class='ocrx_word' id='word_1_19' title='bbox 1245 897 1341 960; x_wconf 91' lang='lat' dir='ltr'>super</span> <span class='ocrx_word' id='word_1_20' title='bbox 1365 897 1414 957; x_wconf 91' lang='lat' dir='ltr'>eo,</span> <span class='ocrx_word' id='word_1_21' title='bbox 1439 891 1473 940; x_wconf 93' lang='lat' dir='ltr'>ut</span> 
     </span>
     <span class='ocr_line' id='line_1_4' title="bbox 201 979 1471 1066; baseline 0.004 -25"><span class='ocrx_word' id='word_1_22' title='bbox 201 981 272 1062; x_wconf 89' lang='lat' dir='ltr'>ipse</span> <span class='ocrx_word' id='word_1_23' title='bbox 305 979 388 1043; x_wconf 84' lang='lat' dir='ltr'>infra</span> <span class='ocrx_word' id='word_1_24' title='bbox 418 1001 538 1043; x_wconf 89' lang='lat' dir='ltr'>novem</span> <span class='ocrx_word' id='word_1_25' title='bbox 572 981 696 1043; x_wconf 87' lang='lat' dir='ltr'>dierum</span> <span class='ocrx_word' id='word_1_26' title='bbox 720 983 874 1064; x_wconf 79' lang='lat' dir='ltr'>spacium,</span> <span class='ocrx_word' id='word_1_27' title='bbox 898 983 1019 1045; x_wconf 90' lang='lat' dir='ltr'>scilicet</span> <span class='ocrx_word' id='word_1_28' title='bbox 1042 983 1243 1046; x_wconf 75' lang='lat' dir='ltr'>executionis</span> <span class='ocrx_word' id='word_1_29' title='bbox 1266 984 1471 1066; x_wconf 89' lang='lat' dir='ltr'>presencium</span> 
     </span>
     <span class='ocr_line' id='line_1_5' title="bbox 202 1085 1473 1172; baseline 0.002 -25"><span class='ocrx_word' id='word_1_30' title='bbox 202 1086 265 1148; x_wconf 87' lang='lat' dir='ltr'>sibi</span> <span class='ocrx_word' id='word_1_31' title='bbox 299 1107 337 1148; x_wconf 90' lang='lat' dir='ltr'>ex</span> <span class='ocrx_word' id='word_1_32' title='bbox 368 1085 664 1170; x_wconf 89' lang='lat' dir='ltr'>superhabundanti</span> <span class='ocrx_word' id='word_1_33' title='bbox 697 1108 896 1169; x_wconf 89' lang='lat' dir='ltr'>concessum,</span> <span class='ocrx_word' id='word_1_34' title='bbox 920 1088 1050 1172; x_wconf 86' lang='lat' dir='ltr'>prelatis</span> <span class='ocrx_word' id='word_1_35' title='bbox 1083 1089 1223 1152; x_wconf 87' lang='lat' dir='ltr'>dominis</span> <span class='ocrx_word' id='word_1_36' title='bbox 1254 1089 1473 1172; x_wconf 83' lang='lat' dir='ltr'>prebendariis</span> 
     </span>
     <span class='ocr_line' id='line_1_6' title="bbox 202 1191 1472 1278; baseline 0.002 -25"><span class='ocrx_word' id='word_1_37' title='bbox 202 1193 245 1254; x_wconf 89' lang='lat' dir='ltr'>de</span> <span class='ocrx_word' id='word_1_38' title='bbox 269 1191 456 1255; x_wconf 90' lang='lat' dir='ltr'>huiusmodi</span> <span class='ocrx_word' id='word_1_39' title='bbox 488 1193 608 1272; x_wconf 89' lang='lat' dir='ltr'>debito,</span> <span class='ocrx_word' id='word_1_40' title='bbox 631 1207 697 1254; x_wconf 91' lang='lat' dir='ltr'>tarn</span> <span class='ocrx_word' id='word_1_41' title='bbox 728 1195 847 1256; x_wconf 92' lang='lat' dir='ltr'>scilicet</span> <span class='ocrx_word' id='word_1_42' title='bbox 878 1214 1060 1278; x_wconf 88' lang='lat' dir='ltr'>porcorum,</span> <span class='ocrx_word' id='word_1_43' title='bbox 1085 1214 1181 1276; x_wconf 88' lang='lat' dir='ltr'>quarn</span> <span class='ocrx_word' id='word_1_44' title='bbox 1210 1195 1311 1258; x_wconf 85' lang='lat' dir='ltr'>eciam</span> <span class='ocrx_word' id='word_1_45' title='bbox 1343 1196 1472 1278; x_wconf 89' lang='lat' dir='ltr'>pecuni-</span> 
     </span>
     <span class='ocr_line' id='line_1_7' title="bbox 201 1299 1472 1382; baseline 0.002 -23"><span class='ocrx_word' id='word_1_46' title='bbox 201 1319 296 1360; x_wconf 87' lang='lat' dir='ltr'>arum</span> <span class='ocrx_word' id='word_1_47' title='bbox 315 1319 379 1361; x_wconf 92' lang='lat' dir='ltr'>una</span> <span class='ocrx_word' id='word_1_48' title='bbox 396 1319 469 1361; x_wconf 91' lang='lat' dir='ltr'>curn</span> <span class='ocrx_word' id='word_1_49' title='bbox 486 1300 632 1382; x_wconf 85' lang='lat' dir='ltr'>expensis</span> <span class='ocrx_word' id='word_1_50' title='bbox 647 1301 763 1363; x_wconf 87' lang='lat' dir='ltr'>secutis</span> <span class='ocrx_word' id='word_1_51' title='bbox 778 1299 949 1364; x_wconf 80' lang='lat' dir='ltr'>satisfaciat</span> <span class='ocrx_word' id='word_1_52' title='bbox 964 1301 1004 1362; x_wconf 86' lang='lat' dir='ltr'>ad</span> <span class='ocrx_word' id='word_1_53' title='bbox 1021 1300 1179 1380; x_wconf 84' lang='lat' dir='ltr'>effectum,</span> <span class='ocrx_word' id='word_1_54' title='bbox 1190 1313 1245 1363; x_wconf 89' lang='lat' dir='ltr'>aut</span> <span class='ocrx_word' id='word_1_55' title='bbox 1261 1320 1334 1362; x_wconf 92' lang='lat' dir='ltr'>cum</span> <span class='ocrx_word' id='word_1_56' title='bbox 1351 1301 1472 1363; x_wconf 88' lang='lat' dir='ltr'>eisdem</span> 
     </span>
     <span class='ocr_line' id='line_1_8' title="bbox 201 1405 1472 1491; baseline 0.002 -24"><span class='ocrx_word' id='word_1_57' title='bbox 201 1405 417 1470; x_wconf 86' lang='lat' dir='ltr'>amicabiliter</span> <span class='ocrx_word' id='word_1_58' title='bbox 441 1418 631 1489; x_wconf 90' lang='lat' dir='ltr'>componat;</span> <span class='ocrx_word' id='word_1_59' title='bbox 663 1427 744 1488; x_wconf 91' lang='lat' dir='ltr'>quoa</span> <span class='ocrx_word' id='word_1_60' title='bbox 775 1427 893 1470; x_wconf 82' lang='lat' dir='ltr'>novem</span> <span class='ocrx_word' id='word_1_61' title='bbox 920 1407 988 1469; x_wconf 90' lang='lat' dir='ltr'>dies</span> <span class='ocrx_word' id='word_1_62' title='bbox 1010 1407 1071 1469; x_wconf 92' lang='lat' dir='ltr'>sibi</span> <span class='ocrx_word' id='word_1_63' title='bbox 1095 1427 1153 1491; x_wconf 94' lang='lat' dir='ltr'>pro</span> <span class='ocrx_word' id='word_1_64' title='bbox 1177 1408 1292 1490; x_wconf 90' lang='lat' dir='ltr'>primo,</span> <span class='ocrx_word' id='word_1_65' title='bbox 1320 1407 1472 1486; x_wconf 83' lang='lat' dir='ltr'>secundo,</span> 
     </span>
     <span class='ocr_line' id='line_1_9' title="bbox 201 1512 1472 1596; baseline 0.002 -23"><span class='ocrx_word' id='word_1_66' title='bbox 201 1513 306 1574; x_wconf 88' lang='lat' dir='ltr'>tercio</span> <span class='ocrx_word' id='word_1_67' title='bbox 332 1525 364 1574; x_wconf 92' lang='lat' dir='ltr'>et</span> <span class='ocrx_word' id='word_1_68' title='bbox 386 1512 604 1595; x_wconf 90' lang='lat' dir='ltr'>peremptorio</span> <span class='ocrx_word' id='word_1_69' title='bbox 627 1512 776 1592; x_wconf 89' lang='lat' dir='ltr'>termin0,</span> <span class='ocrx_word' id='word_1_70' title='bbox 800 1514 984 1576; x_wconf 90' lang='lat' dir='ltr'>monicione</span> <span class='ocrx_word' id='word_1_71' title='bbox 1011 1513 1164 1576; x_wconf 90' lang='lat' dir='ltr'>canonica</span> <span class='ocrx_word' id='word_1_72' title='bbox 1188 1513 1352 1596; x_wconf 91' lang='lat' dir='ltr'>prehabita</span> <span class='ocrx_word' id='word_1_73' title='bbox 1375 1514 1472 1596; x_wconf 79' lang='lat' dir='ltr'>assig-</span> 
     </span>
     <span class='ocr_line' id='line_1_10' title="bbox 201 1617 1470 1704; baseline 0.003 -26"><span class='ocrx_word' id='word_1_74' title='bbox 201 1617 314 1678; x_wconf 86' lang='lat' dir='ltr'>nando</span> <span class='ocrx_word' id='word_1_75' title='bbox 338 1617 509 1701; x_wconf 87' lang='lat' dir='ltr'>prefigatis.</span> <span class='ocrx_word' id='word_1_76' title='bbox 534 1619 599 1692; x_wconf 91' lang='lat' dir='ltr'>Qui</span> <span class='ocrx_word' id='word_1_77' title='bbox 622 1618 648 1681; x_wconf 91' lang='lat' dir='ltr'>si</span> <span class='ocrx_word' id='word_1_78' title='bbox 672 1617 792 1700; x_wconf 87' lang='lat' dir='ltr'>fecerit,</span> <span class='ocrx_word' id='word_1_79' title='bbox 809 1621 891 1683; x_wconf 92' lang='lat' dir='ltr'>bene</span> <span class='ocrx_word' id='word_1_80' title='bbox 916 1619 1059 1702; x_wconf 88' lang='lat' dir='ltr'>quidem,</span> <span class='ocrx_word' id='word_1_81' title='bbox 1076 1619 1222 1701; x_wconf 90' lang='lat' dir='ltr'>alioquin</span> <span class='ocrx_word' id='word_1_82' title='bbox 1247 1633 1319 1704; x_wconf 92' lang='lat' dir='ltr'>post</span> <span class='ocrx_word' id='word_1_83' title='bbox 1345 1621 1470 1704; x_wconf 91' lang='lat' dir='ltr'>lapsum</span> 
     </span>
     <span class='ocr_line' id='line_1_11' title="bbox 201 1724 1471 1809; baseline 0.003 -25"><span class='ocrx_word' id='word_1_84' title='bbox 201 1724 437 1805; x_wconf 88' lang='lat' dir='ltr'>premissorum</span> <span class='ocrx_word' id='word_1_85' title='bbox 472 1745 589 1786; x_wconf 83' lang='lat' dir='ltr'>novem</span> <span class='ocrx_word' id='word_1_86' title='bbox 625 1725 751 1787; x_wconf 90' lang='lat' dir='ltr'>dierum</span> <span class='ocrx_word' id='word_1_87' title='bbox 786 1727 930 1809; x_wconf 90' lang='lat' dir='ltr'>spacium</span> <span class='ocrx_word' id='word_1_88' title='bbox 965 1725 1104 1788; x_wconf 87' lang='lat' dir='ltr'>eundem</span> <span class='ocrx_word' id='word_1_89' title='bbox 1140 1726 1277 1788; x_wconf 90' lang='lat' dir='ltr'>Paulum</span> <span class='ocrx_word' id='word_1_90' title='bbox 1314 1725 1471 1808; x_wconf 87' lang='lat' dir='ltr'>Kwnych,</span> 
     </span>
     <span class='ocr_line' id='line_1_12' title="bbox 201 1831 1471 1914; baseline 0.002 -22"><span class='ocrx_word' id='word_1_91' title='bbox 201 1831 334 1912; x_wconf 89' lang='lat' dir='ltr'>publice</span> <span class='ocrx_word' id='word_1_92' title='bbox 366 1831 568 1892; x_wconf 86' lang='lat' dir='ltr'>nominatum</span> <span class='ocrx_word' id='word_1_93' title='bbox 602 1845 632 1894; x_wconf 91' lang='lat' dir='ltr'>et</span> <span class='ocrx_word' id='word_1_94' title='bbox 663 1851 808 1914; x_wconf 84' lang='lat' dir='ltr'>expresse</span> <span class='ocrx_word' id='word_1_95' title='bbox 843 1833 875 1894; x_wconf 91' lang='lat' dir='ltr'>in</span> <span class='ocrx_word' id='word_1_96' title='bbox 908 1833 1040 1895; x_wconf 86' lang='lat' dir='ltr'>ecclesia</span> <span class='ocrx_word' id='word_1_97' title='bbox 1068 1845 1171 1896; x_wconf 88' lang='lat' dir='ltr'>vestra</span> <span class='ocrx_word' id='word_1_98' title='bbox 1194 1833 1471 1896; x_wconf 87' lang='lat' dir='ltr'>excommunicare</span> 
     </span>
     <span class='ocr_line' id='line_1_13' title="bbox 201 1937 1471 2020; baseline 0.001 -22"><span class='ocrx_word' id='word_1_99' title='bbox 201 1937 349 1998; x_wconf 88' lang='lat' dir='ltr'>debeatis</span> <span class='ocrx_word' id='word_1_100' title='bbox 380 1949 411 1998; x_wconf 89' lang='lat' dir='ltr'>et</span> <span class='ocrx_word' id='word_1_101' title='bbox 442 1957 498 2019; x_wconf 91' lang='lat' dir='ltr'>per</span> <span class='ocrx_word' id='word_1_102' title='bbox 529 1938 610 1998; x_wconf 90' lang='lat' dir='ltr'>alios</span> <span class='ocrx_word' id='word_1_103' title='bbox 640 1939 909 2000; x_wconf 90' lang='lat' dir='ltr'>excommunicari</span> <span class='ocrx_word' id='word_1_104' title='bbox 943 1937 1075 2001; x_wconf 84' lang='lat' dir='ltr'>faciatis.</span> <span class='ocrx_word' id='word_1_105' title='bbox 1111 1939 1151 2000; x_wconf 90' lang='lat' dir='ltr'>Et</span> <span class='ocrx_word' id='word_1_106' title='bbox 1184 1953 1256 2020; x_wconf 85' lang='lat' dir='ltr'>post</span> <span class='ocrx_word' id='word_1_107' title='bbox 1287 1938 1345 2000; x_wconf 91' lang='lat' dir='ltr'>hec</span> <span class='ocrx_word' id='word_1_108' title='bbox 1368 1939 1471 2001; x_wconf 89' lang='lat' dir='ltr'>tocius</span> 
     </span>
     <span class='ocr_line' id='line_1_14' title="bbox 201 2043 1470 2124; baseline 0.002 -20"><span class='ocrx_word' id='word_1_109' title='bbox 201 2043 409 2104; x_wconf 85' lang='lat' dir='ltr'>execucionis</span> <span class='ocrx_word' id='word_1_110' title='bbox 431 2056 533 2114; x_wconf 82' lang='lat' dir='ltr'>vestre</span> <span class='ocrx_word' id='word_1_111' title='bbox 557 2044 672 2105; x_wconf 87' lang='lat' dir='ltr'>seriem</span> <span class='ocrx_word' id='word_1_112' title='bbox 695 2043 790 2106; x_wconf 88' lang='lat' dir='ltr'>nobis</span> <span class='ocrx_word' id='word_1_113' title='bbox 812 2044 949 2106; x_wconf 87' lang='lat' dir='ltr'>fideliter</span> <span class='ocrx_word' id='word_1_114' title='bbox 972 2057 1003 2107; x_wconf 90' lang='lat' dir='ltr'>et</span> <span class='ocrx_word' id='word_1_115' title='bbox 1027 2045 1262 2107; x_wconf 88' lang='lat' dir='ltr'>conscienciose</span> <span class='ocrx_word' id='word_1_116' title='bbox 1284 2045 1470 2124; x_wconf 83' lang='lat' dir='ltr'>rescribatis,</span> 
     </span>
     <span class='ocr_line' id='line_1_15' title="bbox 199 2149 1470 2232; baseline 0.002 -22"><span class='ocrx_word' id='word_1_117' title='bbox 199 2162 368 2232; x_wconf 87' lang='lat' dir='ltr'>presentes</span> <span class='ocrx_word' id='word_1_118' title='bbox 402 2149 434 2210; x_wconf 94' lang='lat' dir='ltr'>in</span> <span class='ocrx_word' id='word_1_119' title='bbox 467 2149 571 2232; x_wconf 92' lang='lat' dir='ltr'>specie</span> <span class='ocrx_word' id='word_1_120' title='bbox 604 2151 830 2213; x_wconf 88' lang='lat' dir='ltr'>remmitentes.</span> <span class='ocrx_word' id='word_1_121' title='bbox 870 2151 988 2213; x_wconf 88' lang='lat' dir='ltr'>Datum</span> <span class='ocrx_word' id='word_1_122' title='bbox 1022 2151 1177 2231; x_wconf 89' lang='lat' dir='ltr'>Zagrabie</span> <span class='ocrx_word' id='word_1_123' title='bbox 1209 2151 1241 2212; x_wconf 93' lang='lat' dir='ltr'>in</span> <span class='ocrx_word' id='word_1_124' title='bbox 1274 2149 1354 2212; x_wconf 88' lang='lat' dir='ltr'>lesto</span> <span class='ocrx_word' id='word_1_125' title='bbox 1386 2151 1470 2213; x_wconf 90' lang='lat' dir='ltr'>beati</span> 
     </span>
     <span class='ocr_line' id='line_1_16' title="bbox 200 2255 1469 2340; baseline 0 -22"><span class='ocrx_word' id='word_1_126' title='bbox 200 2255 377 2338; x_wconf 83' lang='lat' dir='ltr'>Augustini</span> <span class='ocrx_word' id='word_1_127' title='bbox 403 2255 555 2339; x_wconf 88' lang='lat' dir='ltr'>episcopi,</span> <span class='ocrx_word' id='word_1_128' title='bbox 580 2255 730 2318; x_wconf 91' lang='lat' dir='ltr'>doctoris.</span> <span class='ocrx_word' id='word_1_129' title='bbox 754 2261 850 2319; x_wconf 89' lang='lat' dir='ltr'>Anno</span> <span class='ocrx_word' id='word_1_130' title='bbox 875 2257 999 2318; x_wconf 90' lang='lat' dir='ltr'>domini</span> <span class='ocrx_word' id='word_1_131' title='bbox 1020 2257 1193 2320; x_wconf 87' lang='lat' dir='ltr'>millesimo</span> <span class='ocrx_word' id='word_1_132' title='bbox 1211 2257 1469 2340; x_wconf 83' lang='lat' dir='ltr'>quingentesimo</span> 
     </span>
    </p>
   </div>
   <div class='ocr_carea' id='block_1_2' title="bbox 200 2374 1469 2530">
    <p class='ocr_par' dir='ltr' id='par_1_2' title="bbox 200 2374 1469 2530">
     <span class='ocr_line' id='line_1_17' title="bbox 226 2374 330 2424; baseline 0.01 -1"><span class='ocrx_word' id='word_1_133' title='bbox 226 2374 330 2424; x_wconf 87' lang='lat' dir='ltr'>uarto.</span> 
     </span>
     <span class='ocr_line' id='line_1_18' title="bbox 200 2381 1469 2530; baseline 0.002 -18"><span class='ocrx_word' id='word_1_134' title='bbox 200 2381 226 2444; x_wconf 76' lang='lat' dir='ltr'>q</span> <span class='ocrx_word' id='word_1_135' title='bbox 740 2451 903 2513; x_wconf 88' lang='lat' dir='ltr'>Johannes</span> <span class='ocrx_word' id='word_1_136' title='bbox 926 2451 1090 2515; x_wconf 87' lang='lat' dir='ltr'>Benedicti</span> <span class='ocrx_word' id='word_1_137' title='bbox 1115 2451 1155 2513; x_wconf 89' lang='lat' dir='ltr'>de</span> <span class='ocrx_word' id='word_1_138' title='bbox 1180 2451 1292 2530; x_wconf 91' lang='lat' dir='ltr'>Pades,</span> <span class='ocrx_word' id='word_1_139' title='bbox 1317 2451 1469 2514; x_wconf 90' lang='lat' dir='ltr'>notarius.</span> 
     </span>
    </p>
   </div>
   <div class='ocr_carea' id='block_1_3' title="bbox 201 2557 1468 2744">
    <p class='ocr_par' dir='ltr' id='par_1_3' title="bbox 201 2557 1468 2744">
     <span class='ocr_line' id='line_1_19' title="bbox 315 2557 1468 2640; baseline -0.004 -15"><span class='ocrx_word' id='word_1_140' title='bbox 315 2571 358 2638; x_wconf 87' lang='lat' dir='ltr'>(ln</span> <span class='ocrx_word' id='word_1_141' title='bbox 377 2575 496 2640; x_wconf 82' lang='lat' dir='ltr'>margine</span> <span class='ocrx_word' id='word_1_142' title='bbox 515 2573 662 2640; x_wconf 69' lang='lat' dir='ltr'>interium:</span> <span class='ocrx_word' id='word_1_143' title='bbox 684 2558 754 2640; x_wconf 81' lang='lat' dir='ltr'>Ego</span> <span class='ocrx_word' id='word_1_144' title='bbox 768 2557 944 2640; x_wconf 84' lang='lat' dir='ltr'>Gregorius</span> <span class='ocrx_word' id='word_1_145' title='bbox 959 2571 1109 2621; x_wconf 90' lang='lat' dir='ltr'>executus</span> <span class='ocrx_word' id='word_1_146' title='bbox 1126 2578 1196 2620; x_wconf 90' lang='lat' dir='ltr'>sum</span> <span class='ocrx_word' id='word_1_147' title='bbox 1208 2557 1268 2622; x_wconf 92' lang='lat' dir='ltr'>hoc</span> <span class='ocrx_word' id='word_1_148' title='bbox 1281 2557 1468 2620; x_wconf 90' lang='lat' dir='ltr'>mandatum</span> 
     </span>
     <span class='ocr_line' id='line_1_20' title="bbox 201 2663 737 2744; baseline 0.004 -20"><span class='ocrx_word' id='word_1_149' title='bbox 201 2663 332 2744; x_wconf 83' lang='lat' dir='ltr'>egregie</span> <span class='ocrx_word' id='word_1_150' title='bbox 357 2663 601 2726; x_wconf 89' lang='lat' dir='ltr'>Dominacionis</span> <span class='ocrx_word' id='word_1_151' title='bbox 623 2678 737 2726; x_wconf 89' lang='lat' dir='ltr'>vestre.</span> 
     </span>
    </p>
   </div>
   <div class='ocr_carea' id='block_1_4' title="bbox 201 2785 1469 2931">
    <p class='ocr_par' dir='ltr' id='par_1_4' title="bbox 201 2785 1469 2931">
     <span class='ocr_line' id='line_1_21' title="bbox 310 2785 1469 2853; baseline 0.006 -16"><span class='ocrx_word' id='word_1_152' title='bbox 310 2785 449 2853; x_wconf 79' lang='lat' dir='ltr'>originale</span> <span class='ocrx_word' id='word_1_153' title='bbox 467 2785 493 2838; x_wconf 91' lang='lat' dir='ltr'>in</span> <span class='ocrx_word' id='word_1_154' title='bbox 512 2788 609 2842; x_wconf 82' lang='lat' dir='ltr'>charta.</span> <span class='ocrx_word' id='word_1_155' title='bbox 622 2785 652 2840; x_wconf 94' lang='lat' dir='ltr'>In</span> <span class='ocrx_word' id='word_1_156' title='bbox 671 2787 789 2853; x_wconf 75' lang='lat' dir='ltr'>margine</span> <span class='ocrx_word' id='word_1_157' title='bbox 809 2785 927 2839; x_wconf 79' lang='lat' dir='ltr'>interiori</span> <span class='ocrx_word' id='word_1_158' title='bbox 946 2785 1106 2852; x_wconf 85' lang='lat' dir='ltr'>impressum</span> <span class='ocrx_word' id='word_1_159' title='bbox 1125 2791 1167 2838; x_wconf 84' lang='lat' dir='ltr'>est</span> <span class='ocrx_word' id='word_1_160' title='bbox 1186 2785 1311 2853; x_wconf 80' lang='lat' dir='ltr'>sigillum.</span> <span class='ocrx_word' id='word_1_161' title='bbox 1327 2785 1356 2840; x_wconf 94' lang='lat' dir='ltr'>In</span> <span class='ocrx_word' id='word_1_162' title='bbox 1369 2786 1469 2844; x_wconf 81' lang='lat' dir='ltr'>archiv.</span> 
     </span>
     <span class='ocr_line' id='line_1_22' title="bbox 201 2877 626 2931; baseline 0 -4"><span class='ocrx_word' id='word_1_163' title='bbox 201 2877 264 2928; x_wconf 89' lang='lat' dir='ltr'>bon.</span> <span class='ocrx_word' id='word_1_164' title='bbox 283 2878 345 2931; x_wconf 86' lang='lat' dir='ltr'>eoll.</span> <span class='ocrx_word' id='word_1_165' title='bbox 364 2878 626 2930; x_wconf 81' lang='lat' dir='ltr'>Praebendariorurn.</span> 
     </span>
    </p>
   </div>
   <div class='ocr_carea' id='block_1_5' title="bbox 800 3055 860 3120">
    <p class='ocr_par' dir='ltr' id='par_1_5' title="bbox 800 3055 860 3120">
     <span class='ocr_line' id='line_1_23' title="bbox 800 3055 860 3120; baseline -0.033 0"><span class='ocrx_word' id='word_1_166' title='bbox 800 3055 860 3120; x_wconf 82' lang='grc'>32.</span> 
     </span>
    </p>
   </div>
   <div class='ocr_carea' id='block_1_6' title="bbox 308 3194 843 3260">
    <p class='ocr_par' dir='ltr' id='par_1_6' title="bbox 308 3194 843 3260">
     <span class='ocr_line' id='line_1_24' title="bbox 308 3194 843 3260; baseline 0.006 -15"><span class='ocrx_word' id='word_1_167' title='bbox 308 3195 383 3246; x_wconf 77' lang='lat' dir='ltr'>Anno</span> <span class='ocrx_word' id='word_1_168' title='bbox 407 3195 481 3260; x_wconf 83' lang='lat'>1504,</span> <span class='ocrx_word' id='word_1_169' title='bbox 503 3195 543 3247; x_wconf 85' lang='lat' dir='ltr'>ts.</span> <span class='ocrx_word' id='word_1_170' title='bbox 564 3194 724 3248; x_wconf 87' lang='lat' dir='ltr'>novembris.</span> <span class='ocrx_word' id='word_1_171' title='bbox 746 3197 843 3248; x_wconf 76' lang='lat' dir='ltr'>Budas.</span> 
     </span>
    </p>
   </div>
   <div class='ocr_carea' id='block_1_7' title="bbox 198 3321 1470 5118">
    <p class='ocr_par' dir='ltr' id='par_1_7' title="bbox 209 3321 1470 3615">
     <span class='ocr_line' id='line_1_25' title="bbox 209 3321 1470 3396; baseline 0.001 -17"><span class='ocrx_word' id='word_1_172' title='bbox 209 3323 387 3392; x_wconf 72' lang='lat' dir='ltr'>Vladrrlaus,</span> <span class='ocrx_word' id='word_1_173' title='bbox 425 3324 604 3396; x_wconf 64' lang='lat' dir='ltr'>Huugartiu</span> <span class='ocrx_word' id='word_1_174' title='bbox 641 3331 693 3384; x_wconf 83' lang='lat' dir='ltr'>clc.</span> <span class='ocrx_word' id='word_1_175' title='bbox 728 3342 791 3392; x_wconf 81' lang='lat' dir='ltr'>rex,</span> <span class='ocrx_word' id='word_1_176' title='bbox 825 3321 1025 3382; x_wconf 78' lang='lat' dir='ltr'>cornmrrm&#39;tati</span> <span class='ocrx_word' id='word_1_177' title='bbox 1055 3325 1158 3380; x_wconf 82' lang='lat' dir='ltr'>montis</span> <span class='ocrx_word' id='word_1_178' title='bbox 1198 3321 1349 3381; x_wconf 82' lang='lat' dir='ltr'>Grecensir</span> <span class='ocrx_word' id='word_1_179' title='bbox 1383 3324 1470 3380; x_wconf 70' lang='lat' dir='ltr'>mittit</span> 
     </span>
     <span class='ocr_line' id='line_1_26' title="bbox 547 3426 1125 3508; baseline 0.009 -22"><span class='ocrx_word' id='word_1_180' title='bbox 547 3431 683 3508; x_wconf 77' lang='lat' dir='ltr'>legatum,</span> <span class='ocrx_word' id='word_1_181' title='bbox 706 3431 759 3504; x_wconf 79' lang='lat' dir='ltr'>qui</span> <span class='ocrx_word' id='word_1_182' title='bbox 778 3426 867 3489; x_wconf 81' lang='lat' dir='ltr'>habet</span> <span class='ocrx_word' id='word_1_183' title='bbox 888 3431 950 3506; x_wconf 81' lang='lat' dir='ltr'>ejus</span> <span class='ocrx_word' id='word_1_184' title='bbox 973 3427 1125 3491; x_wconf 75' lang='lat' dir='ltr'>arandela.</span> 
     </span>
     <span class='ocr_line' id='line_1_27' title="bbox 586 3537 1395 3615; baseline 0.002 -14"><span class='ocrx_word' id='word_1_185' title='bbox 586 3537 589 3548; x_wconf 77' lang='lat'>&#39;</span> <span class='ocrx_word' id='word_1_186' title='bbox 891 3548 1051 3602; x_wconf 79' lang='lat' dir='ltr'>commissio</span> <span class='ocrx_word' id='word_1_187' title='bbox 1070 3547 1180 3615; x_wconf 88' lang='lat' dir='ltr'>propria</span> <span class='ocrx_word' id='word_1_188' title='bbox 1199 3547 1296 3602; x_wconf 83' lang='lat' dir='ltr'>donini</span> <span class='ocrx_word' id='word_1_189' title='bbox 1317 3549 1395 3614; x_wconf 79' lang='lat' dir='ltr'>regis.</span> 
     </span>
    </p>

    <p class='ocr_par' dir='ltr' id='par_1_8' title="bbox 198 3655 1467 5118">
     <span class='ocr_line' id='line_1_28' title="bbox 311 3655 1466 3738; baseline 0.002 -22"><span class='ocrx_word' id='word_1_190' title='bbox 311 3655 512 3718; x_wconf 88' lang='lat' dir='ltr'>Wladislaus</span> <span class='ocrx_word' id='word_1_191' title='bbox 548 3656 598 3717; x_wconf 93' lang='lat' dir='ltr'>dei</span> <span class='ocrx_word' id='word_1_192' title='bbox 622 3657 728 3738; x_wconf 81' lang='lat' dir='ltr'>gracia</span> <span class='ocrx_word' id='word_1_193' title='bbox 764 3677 817 3719; x_wconf 91' lang='lat' dir='ltr'>rex</span> <span class='ocrx_word' id='word_1_194' title='bbox 850 3657 1016 3737; x_wconf 83' lang='lat' dir='ltr'>Hungarie</span> <span class='ocrx_word' id='word_1_195' title='bbox 1047 3669 1078 3718; x_wconf 92' lang='lat' dir='ltr'>et</span> <span class='ocrx_word' id='word_1_196' title='bbox 1105 3656 1260 3719; x_wconf 89' lang='lat' dir='ltr'>Bohemie</span> <span class='ocrx_word' id='word_1_197' title='bbox 1292 3669 1350 3718; x_wconf 91' lang='lat' dir='ltr'>etc.</span> <span class='ocrx_word' id='word_1_198' title='bbox 1389 3655 1466 3718; x_wconf 90' lang='lat' dir='ltr'>Pru-</span> 
     </span>
     <span class='ocr_line' id='line_1_29' title="bbox 201 3760 1467 3856; baseline 0.001 -34"><span class='ocrx_word' id='word_1_199' title='bbox 201 3763 314 3824; x_wconf 91' lang='lat' dir='ltr'>dentes</span> <span class='ocrx_word' id='word_1_200' title='bbox 342 3774 373 3822; x_wconf 90' lang='lat' dir='ltr'>et</span> <span class='ocrx_word' id='word_1_201' title='bbox 407 3762 636 3844; x_wconf 89' lang='lat' dir='ltr'>circumspecti,</span> <span class='ocrx_word' id='word_1_202' title='bbox 660 3761 771 3824; x_wconf 89' lang='lat' dir='ltr'>fideles</span> <span class='ocrx_word' id='word_1_203' title='bbox 802 3763 895 3824; x_wconf 90' lang='lat' dir='ltr'>nobis</span> <span class='ocrx_word' id='word_1_204' title='bbox 927 3763 1044 3824; x_wconf 92' lang='lat' dir='ltr'>dilecti.</span> <span class='ocrx_word' id='word_1_205' title='bbox 1076 3761 1231 3856; x_wconf 73' lang='lat' dir='ltr'>Miseratip</span> <span class='ocrx_word' id='word_1_206' title='bbox 1258 3761 1320 3824; x_wconf 92' lang='lat' dir='ltr'>huc</span> <span class='ocrx_word' id='word_1_207' title='bbox 1343 3760 1383 3823; x_wconf 89' lang='lat' dir='ltr'>ad</span> <span class='ocrx_word' id='word_1_208' title='bbox 1407 3781 1467 3823; x_wconf 92' lang='lat' dir='ltr'>nos</span> 
     </span>
     <span class='ocr_line' id='line_1_30' title="bbox 200 3866 1466 3950; baseline 0 -22"><span class='ocrx_word' id='word_1_209' title='bbox 200 3867 286 3930; x_wconf 92' lang='lat' dir='ltr'>hunc</span> <span class='ocrx_word' id='word_1_210' title='bbox 310 3867 484 3950; x_wconf 93' lang='lat' dir='ltr'>providum</span> <span class='ocrx_word' id='word_1_211' title='bbox 518 3868 693 3947; x_wconf 87' lang='lat' dir='ltr'>Thomam,</span> <span class='ocrx_word' id='word_1_212' title='bbox 716 3868 881 3931; x_wconf 90' lang='lat' dir='ltr'>hominem</span> <span class='ocrx_word' id='word_1_213' title='bbox 912 3881 1064 3948; x_wconf 87' lang='lat' dir='ltr'>vestrum,</span> <span class='ocrx_word' id='word_1_214' title='bbox 1088 3869 1290 3950; x_wconf 90' lang='lat' dir='ltr'>presencium</span> <span class='ocrx_word' id='word_1_215' title='bbox 1318 3866 1466 3930; x_wconf 83' lang='lat' dir='ltr'>videlicet</span> 
     </span>
     <span class='ocr_line' id='line_1_31' title="bbox 200 3967 1464 4056; baseline 0 -21"><span class='ocrx_word' id='word_1_216' title='bbox 200 3973 425 4053; x_wconf 87' lang='lat' dir='ltr'>exhibitorem,</span> <span class='ocrx_word' id='word_1_217' title='bbox 439 3974 494 4055; x_wconf 85' lang='lat' dir='ltr'>qui</span> <span class='ocrx_word' id='word_1_218' title='bbox 511 3967 610 4036; x_wconf 88' lang='lat' dir='ltr'>certas</span> <span class='ocrx_word' id='word_1_219' title='bbox 627 3995 756 4056; x_wconf 91' lang='lat' dir='ltr'>quoque</span> <span class='ocrx_word' id='word_1_220' title='bbox 773 3974 893 4036; x_wconf 91' lang='lat' dir='ltr'>litteras</span> <span class='ocrx_word' id='word_1_221' title='bbox 909 3987 1027 4036; x_wconf 88' lang='lat' dir='ltr'>vestras</span> <span class='ocrx_word' id='word_1_222' title='bbox 1045 3975 1202 4036; x_wconf 90' lang='lat' dir='ltr'>Maiestati</span> <span class='ocrx_word' id='word_1_223' title='bbox 1218 3987 1324 4036; x_wconf 91' lang='lat' dir='ltr'>nostre</span> <span class='ocrx_word' id='word_1_224' title='bbox 1341 3971 1464 4035; x_wconf 90' lang='lat' dir='ltr'>detulit.</span> 
     </span>
     <span class='ocr_line' id='line_1_32' title="bbox 200 4079 1465 4162; baseline -0.001 -21"><span class='ocrx_word' id='word_1_225' title='bbox 200 4080 246 4141; x_wconf 90' lang='lat' dir='ltr'>Ea</span> <span class='ocrx_word' id='word_1_226' title='bbox 279 4080 388 4161; x_wconf 87' lang='lat' dir='ltr'>igitur,</span> <span class='ocrx_word' id='word_1_227' title='bbox 419 4099 482 4162; x_wconf 88' lang='lat' dir='ltr'>que</span> <span class='ocrx_word' id='word_1_228' title='bbox 516 4081 611 4142; x_wconf 88' lang='lat' dir='ltr'>nobis</span> <span class='ocrx_word' id='word_1_229' title='bbox 634 4081 667 4142; x_wconf 90' lang='lat' dir='ltr'>in</span> <span class='ocrx_word' id='word_1_230' title='bbox 700 4080 822 4142; x_wconf 87' lang='lat' dir='ltr'>eisdem</span> <span class='ocrx_word' id='word_1_231' title='bbox 854 4081 965 4142; x_wconf 88' lang='lat' dir='ltr'>litteris</span> <span class='ocrx_word' id='word_1_232' title='bbox 996 4080 1107 4142; x_wconf 89' lang='lat' dir='ltr'>vestris</span> <span class='ocrx_word' id='word_1_233' title='bbox 1142 4079 1346 4161; x_wconf 89' lang='lat' dir='ltr'>scripseratis,</span> <span class='ocrx_word' id='word_1_234' title='bbox 1369 4079 1465 4162; x_wconf 90' lang='lat' dir='ltr'>plene</span> 
     </span>
     <span class='ocr_line' id='line_1_33' title="bbox 200 4184 1463 4268; baseline 0.002 -22"><span class='ocrx_word' id='word_1_235' title='bbox 200 4185 429 4262; x_wconf 86' lang='lat' dir='ltr'>intelleximus,</span> <span class='ocrx_word' id='word_1_236' title='bbox 451 4199 482 4247; x_wconf 92' lang='lat' dir='ltr'>et</span> <span class='ocrx_word' id='word_1_237' title='bbox 505 4206 600 4268; x_wconf 89' lang='lat' dir='ltr'>super</span> <span class='ocrx_word' id='word_1_238' title='bbox 623 4185 744 4248; x_wconf 89' lang='lat' dir='ltr'>eisdem</span> <span class='ocrx_word' id='word_1_239' title='bbox 767 4185 924 4248; x_wconf 93' lang='lat' dir='ltr'>nonnulla</span> <span class='ocrx_word' id='word_1_240' title='bbox 949 4205 1079 4267; x_wconf 90' lang='lat' dir='ltr'>quoque</span> <span class='ocrx_word' id='word_1_241' title='bbox 1103 4185 1216 4247; x_wconf 90' lang='lat' dir='ltr'>iterato</span> <span class='ocrx_word' id='word_1_242' title='bbox 1239 4185 1331 4247; x_wconf 90' lang='lat' dir='ltr'>vobis</span> <span class='ocrx_word' id='word_1_243' title='bbox 1355 4184 1463 4248; x_wconf 89' lang='lat' dir='ltr'>medio</span> 
     </span>
     <span class='ocr_line' id='line_1_34' title="bbox 200 4289 1462 4372; baseline -0.002 -18"><span class='ocrx_word' id='word_1_244' title='bbox 200 4292 346 4354; x_wconf 89' lang='lat' dir='ltr'>eiusdem</span> <span class='ocrx_word' id='word_1_245' title='bbox 370 4290 511 4353; x_wconf 90' lang='lat' dir='ltr'>hominis</span> <span class='ocrx_word' id='word_1_246' title='bbox 534 4293 629 4354; x_wconf 89' lang='lat' dir='ltr'>vestri</span> <span class='ocrx_word' id='word_1_247' title='bbox 653 4292 882 4354; x_wconf 90' lang='lat' dir='ltr'>intimavimus.</span> <span class='ocrx_word' id='word_1_248' title='bbox 916 4292 1054 4353; x_wconf 88' lang='lat' dir='ltr'>Proinde</span> <span class='ocrx_word' id='word_1_249' title='bbox 1079 4292 1271 4372; x_wconf 89' lang='lat' dir='ltr'>requirimus</span> <span class='ocrx_word' id='word_1_250' title='bbox 1295 4289 1462 4352; x_wconf 85' lang='lat' dir='ltr'>fidelitates</span> 
     </span>
     <span class='ocr_line' id='line_1_35' title="bbox 199 4395 1462 4478; baseline -0.002 -20"><span class='ocrx_word' id='word_1_251' title='bbox 199 4412 329 4478; x_wconf 88' lang='lat' dir='ltr'>vestras,</span> <span class='ocrx_word' id='word_1_252' title='bbox 355 4411 386 4460; x_wconf 90' lang='lat' dir='ltr'>et</span> <span class='ocrx_word' id='word_1_253' title='bbox 417 4397 539 4460; x_wconf 89' lang='lat' dir='ltr'>eisdem</span> <span class='ocrx_word' id='word_1_254' title='bbox 570 4397 800 4461; x_wconf 90' lang='lat' dir='ltr'>nichilominus</span> <span class='ocrx_word' id='word_1_255' title='bbox 831 4397 944 4460; x_wconf 88' lang='lat' dir='ltr'>harum</span> <span class='ocrx_word' id='word_1_256' title='bbox 977 4398 1057 4460; x_wconf 89' lang='lat' dir='ltr'>serie</span> <span class='ocrx_word' id='word_1_257' title='bbox 1090 4398 1191 4459; x_wconf 92' lang='lat' dir='ltr'>eciam</span> <span class='ocrx_word' id='word_1_258' title='bbox 1222 4395 1462 4475; x_wconf 86' lang='lat' dir='ltr'>committimus,</span> 
     </span>
     <span class='ocr_line' id='line_1_36' title="bbox 199 4500 1461 4588; baseline -0.005 -21"><span class='ocrx_word' id='word_1_259' title='bbox 199 4519 360 4588; x_wconf 89' lang='lat' dir='ltr'>quatenus</span> <span class='ocrx_word' id='word_1_260' title='bbox 395 4505 532 4587; x_wconf 89' lang='lat' dir='ltr'>acceptis</span> <span class='ocrx_word' id='word_1_261' title='bbox 565 4505 776 4587; x_wconf 89' lang='lat' dir='ltr'>presentibus,</span> <span class='ocrx_word' id='word_1_262' title='bbox 807 4525 855 4584; x_wconf 88' lang='lat' dir='ltr'>ea,</span> <span class='ocrx_word' id='word_1_263' title='bbox 886 4525 948 4585; x_wconf 92' lang='lat' dir='ltr'>que</span> <span class='ocrx_word' id='word_1_264' title='bbox 984 4503 1124 4586; x_wconf 88' lang='lat' dir='ltr'>prefatus</span> <span class='ocrx_word' id='word_1_265' title='bbox 1155 4502 1254 4564; x_wconf 91' lang='lat' dir='ltr'>homo</span> <span class='ocrx_word' id='word_1_266' title='bbox 1286 4515 1389 4564; x_wconf 87' lang='lat' dir='ltr'>vester</span> <span class='ocrx_word' id='word_1_267' title='bbox 1422 4500 1461 4562; x_wconf 92' lang='lat' dir='ltr'>ad</span> 
     </span>
     <span class='ocr_line' id='line_1_37' title="bbox 199 4606 1461 4693; baseline -0.004 -19"><span class='ocrx_word' id='word_1_268' title='bbox 199 4624 352 4676; x_wconf 88' lang='lat' dir='ltr'>contenta</span> <span class='ocrx_word' id='word_1_269' title='bbox 383 4609 629 4693; x_wconf 88' lang='lat' dir='ltr'>prescriptarum</span> <span class='ocrx_word' id='word_1_270' title='bbox 662 4611 837 4673; x_wconf 89' lang='lat' dir='ltr'>litterarum</span> <span class='ocrx_word' id='word_1_271' title='bbox 868 4625 1055 4687; x_wconf 83' lang='lat' dir='ltr'>vestrarum,</span> <span class='ocrx_word' id='word_1_272' title='bbox 1089 4611 1180 4671; x_wconf 89' lang='lat' dir='ltr'>vobis</span> <span class='ocrx_word' id='word_1_273' title='bbox 1212 4620 1320 4670; x_wconf 91' lang='lat' dir='ltr'>nostro</span> <span class='ocrx_word' id='word_1_274' title='bbox 1348 4606 1461 4669; x_wconf 91' lang='lat' dir='ltr'>dixerit</span> 
     </span>
     <span class='ocr_line' id='line_1_38' title="bbox 198 4713 1461 4800; baseline -0.006 -18"><span class='ocrx_word' id='word_1_275' title='bbox 198 4719 332 4782; x_wconf 89' lang='lat' dir='ltr'>nomine</span> <span class='ocrx_word' id='word_1_276' title='bbox 356 4717 575 4778; x_wconf 91' lang='lat' dir='ltr'>indubitanter</span> <span class='ocrx_word' id='word_1_277' title='bbox 605 4717 743 4797; x_wconf 90' lang='lat' dir='ltr'>credere,</span> <span class='ocrx_word' id='word_1_278' title='bbox 768 4731 863 4800; x_wconf 90' lang='lat' dir='ltr'>atque</span> <span class='ocrx_word' id='word_1_279' title='bbox 896 4718 996 4778; x_wconf 88' lang='lat' dir='ltr'>eciam</span> <span class='ocrx_word' id='word_1_280' title='bbox 1021 4716 1124 4778; x_wconf 86' lang='lat' dir='ltr'>lacere</span> <span class='ocrx_word' id='word_1_281' title='bbox 1157 4729 1188 4777; x_wconf 90' lang='lat' dir='ltr'>et</span> <span class='ocrx_word' id='word_1_282' title='bbox 1212 4713 1325 4795; x_wconf 89' lang='lat' dir='ltr'>exequi</span> <span class='ocrx_word' id='word_1_283' title='bbox 1355 4713 1461 4775; x_wconf 87' lang='lat' dir='ltr'>modis</span> 
     </span>
     <span class='ocr_line' id='line_1_39' title="bbox 198 4819 1460 4888; baseline -0.007 1"><span class='ocrx_word' id='word_1_284' title='bbox 198 4826 352 4888; x_wconf 92' lang='lat' dir='ltr'>omnibus</span> <span class='ocrx_word' id='word_1_285' title='bbox 376 4822 519 4884; x_wconf 89' lang='lat' dir='ltr'>debeatis</span> <span class='ocrx_word' id='word_1_286' title='bbox 550 4835 581 4885; x_wconf 90' lang='lat' dir='ltr'>et</span> <span class='ocrx_word' id='word_1_287' title='bbox 604 4823 788 4885; x_wconf 89' lang='lat' dir='ltr'>teneamini.</span> <span class='ocrx_word' id='word_1_288' title='bbox 814 4823 911 4884; x_wconf 88' lang='lat' dir='ltr'>Secus</span> <span class='ocrx_word' id='word_1_289' title='bbox 935 4823 1026 4885; x_wconf 92' lang='lat' dir='ltr'>nullo</span> <span class='ocrx_word' id='word_1_290' title='bbox 1056 4822 1155 4884; x_wconf 91' lang='lat' dir='ltr'>modo</span> <span class='ocrx_word' id='word_1_291' title='bbox 1180 4820 1302 4883; x_wconf 89' lang='lat' dir='ltr'>facturi.</span> <span class='ocrx_word' id='word_1_292' title='bbox 1341 4819 1460 4881; x_wconf 91' lang='lat' dir='ltr'>Datum</span> 
     </span>
     <span class='ocr_line' id='line_1_40' title="bbox 198 4925 1460 5012; baseline -0.007 -17"><span class='ocrx_word' id='word_1_293' title='bbox 198 4932 300 5010; x_wconf 89' lang='lat' dir='ltr'>Bude,</span> <span class='ocrx_word' id='word_1_294' title='bbox 334 4929 412 4992; x_wconf 86' lang='lat' dir='ltr'>feria</span> <span class='ocrx_word' id='word_1_295' title='bbox 445 4942 530 4991; x_wconf 90' lang='lat' dir='ltr'>sexta</span> <span class='ocrx_word' id='word_1_296' title='bbox 561 4931 706 5012; x_wconf 89' lang='lat' dir='ltr'>proxima</span> <span class='ocrx_word' id='word_1_297' title='bbox 738 4942 809 5012; x_wconf 94' lang='lat' dir='ltr'>post</span> <span class='ocrx_word' id='word_1_298' title='bbox 841 4928 956 4992; x_wconf 85' lang='lat' dir='ltr'>festum</span> <span class='ocrx_word' id='word_1_299' title='bbox 989 4929 1072 4992; x_wconf 90' lang='lat' dir='ltr'>beati</span> <span class='ocrx_word' id='word_1_300' title='bbox 1106 4927 1233 4989; x_wconf 90' lang='lat' dir='ltr'>Martini</span> <span class='ocrx_word' id='word_1_301' title='bbox 1258 4925 1397 5009; x_wconf 89' lang='lat' dir='ltr'>episcopi</span> <span class='ocrx_word' id='word_1_302' title='bbox 1429 4937 1460 4986; x_wconf 92' lang='lat' dir='ltr'>et</span> 
     </span>
     <span class='ocr_line' id='line_1_41' title="bbox 198 5035 1296 5118; baseline -0.006 -17"><span class='ocrx_word' id='word_1_303' title='bbox 198 5036 401 5101; x_wconf 85' lang='lat' dir='ltr'>confessoris.</span> <span class='ocrx_word' id='word_1_304' title='bbox 425 5039 521 5097; x_wconf 88' lang='lat' dir='ltr'>Anno</span> <span class='ocrx_word' id='word_1_305' title='bbox 545 5037 668 5098; x_wconf 90' lang='lat' dir='ltr'>domini</span> <span class='ocrx_word' id='word_1_306' title='bbox 692 5037 865 5098; x_wconf 88' lang='lat' dir='ltr'>millesimo</span> <span class='ocrx_word' id='word_1_307' title='bbox 890 5035 1148 5118; x_wconf 86' lang='lat' dir='ltr'>quingentesimo</span> <span class='ocrx_word' id='word_1_308' title='bbox 1172 5047 1296 5115; x_wconf 91' lang='lat' dir='ltr'>quarto.</span> 
     </span>
    </p>
   </div>
   <div class='ocr_carea' id='block_1_8' title="bbox 0 0 1880 5806">
    <p class='ocr_par' dir='ltr' id='par_1_9' title="bbox 0 0 1880 5806">
     <span class='ocr_line' id='line_1_42' title="bbox 0 0 1880 5806; baseline 0 3"><span class='ocrx_word' id='word_1_309' title='bbox 0 0 1880 5806; x_wconf 95' lang='lat' dir='ltr'> </span> 
     </span>
    </p>
   </div>
  </div>
 </body>
</html>
