3752 5806
651 547 718 604 Dae.
742 558 790 621 41.
815 577 856 588 -
881 545 928 602 An
958 553 1043 617 1505.
1435 559 1472 618 4¹

210 651 744 660 ——---.-—-—-.—-—-.—-—
776 650 984 658 ————..-.
1326 649 1333 652 .
1420 647 1476 654 -..-

207 775 403 853 telleximus,
427 774 672 856 compellantur,
696 772 838 836 decimas
867 786 990 834 nostras
1025 773 1057 833 in
1083 771 1287 854 pertinenciis
1312 769 1478 850 utriusque

210 880 357 943 Gradecz
390 895 422 942 et
456 881 615 963 Petrinya,
638 881 878 963 possessionum
910 880 1031 942 scilicet
1063 879 1222 940 dictorum
1247 875 1380 938 fratrum
1406 895 1477 937 nos-

208 1000 333 1048 trorum
369 1000 400 1048 et
431 987 561 1069 capituli
597 988 629 1048 in
664 988 818 1050 comitatu
854 987 1052 1067 zagrabiensi
1088 983 1308 1061 existeucium,
1341 995 1410 1043 tum
1444 981 1477 1042 in

214 1093 372 1175 pecuniis,
396 1105 464 1155 tum
496 1093 596 1154 eciam
621 1093 654 1154 in
678 1094 782 1175 specie
805 1093 887 1174 exigi
912 1092 1032 1173 solitas,
1055 1091 1197 1173 (dempta
1220 1108 1345 1172 semper
1368 1101 1479 1170 quarta

210 1199 369 1280 Prepositi
394 1199 525 1260 maioris
554 1213 704 1262 annotate
729 1200 860 1262 ecclesie
884 1213 990 1260 nostre
1023 1195 1259 1278 zagrabiensis),
1282 1193 1397 1256 exinde
1417 1193 1477 1255 sibi

211 1306 384 1388 provenire
416 1305 606 1366 debentium
641 1305 673 1366 in
698 1318 887 1388 perpetuum
912 1305 1114 1382 donavimus,
1139 1303 1288 1366 dedimus
1311 1313 1342 1362 et
1366 1313 1478 1362 contu-

212 1411 318 1488 limus,
345 1411 447 1472 immo
471 1411 639 1491 donamus,
663 1411 777 1474 damus
805 1426 835 1473 et
871 1410 1066 1472 conferimus
1091 1409 1292 1493 presencium
1314 1407 1382 1489 jure
1406 1425 1477 1489 per·

212 1531 310 1598 petuo
343 1530 374 1578 et
405 1517 655 1580 irrevocabiliter
688 1517 851 1596 tenendas,
877 1517 1086 1600 possidendas
1109 1515 1226 1599 pariter
1250 1526 1281 1576 et
1304 1511 1476 1575 habendas.

215 1623 257 1684 Ut
280 1637 391 1684 autem
415 1623 471 1684 hec
495 1623 640 1686 salutaris
664 1637 771 1686 nostra
795 1624 961 1685 ordinacio
986 1625 1130 1701 immota,
1148 1623 1336 1683 inconcussa
1360 1631 1391 1680 et
1416 1617 1477 1679 illi-

216 1729 286 1790 bata
312 1741 469 1810 perpetuo
494 1743 621 1792 maneat
644 1749 700 1812 per
730 1729 826 1792 deum
852 1730 972 1808 vivum,
998 1729 1202 1809 terribileque
1227 1727 1296 1788 eius
1320 1723 1476 1806 judicium

214 1853 328 1896 omnes
358 1854 554 1897 successores
586 1847 722 1915 nostros,
747 1837 801 1917 qui
827 1850 857 1898 et
881 1835 940 1917 ipsi
966 1855 1003 1897 ex
1028 1835 1088 1896 hoc
1112 1833 1220 1895 seculo
1246 1829 1421 1894 meruerint
1445 1849 1477 1890 se

213 1941 413 2021 transituros,
444 1961 605 2023 rogamus,
636 1944 840 2004 obsecramus
875 1955 906 2005 et
938 1943 1144 2018 obtestamur,
1176 1937 1322 2020 alioquin
1353 1948 1479 1998 sanctos

213 2045 263 2106 dei
288 2065 414 2125 omnes,
431 2048 581 2130 precipue
606 2049 716 2110 divum
741 2067 849 2129 regem
868 2047 1078 2129 Stephanum,
1095 2047 1291 2128 quicumque
1307 2053 1479 2104 temerator

214 2166 244 2214 et
267 2165 472 2236 contemptor
496 2154 527 2215 in
553 2153 613 2217 hoc
638 2155 800 2234 exstiterit,
817 2155 876 2216 sibi
901 2154 933 2216 in
960 2153 1097 2236 presenti
1115 2167 1145 2214 et
1163 2151 1267 2212 lutura
1285 2149 1349 2211 vita
1365 2147 1479 2210 sentiat

214 2259 403 2321 contrarios.
418 2261 451 2320 ln
468 2261 559 2322 cuius
571 2261 615 2323 rei
628 2261 829 2339 memoriam,
843 2260 1088 2340 firmitatemque
1105 2269 1303 2341 perpetuam,
1318 2265 1480 2338 presentes

118 2447 121 2453 Ι
213 2363 334 2426 litteras
358 2378 480 2427 nostras
505 2367 720 2448 privilegiales
742 2367 911 2449 pendentis
928 2379 958 2427 et
974 2365 1126 2427 autentici
1143 2362 1240 2443 sigilli
1257 2361 1356 2423 nostri
1373 2358 1478 2442 ponti-

214 2468 313 2556 ficalis
345 2471 545 2554 impensione
578 2473 742 2535 roboratas
772 2473 922 2534 duximus
953 2469 1183 2533 concedendas.
1209 2469 1328 2529 Datum
1352 2465 1384 2527 in
1408 2483 1478 2526 arce

215 2591 321 2638 nostra
347 2577 535 2640 Chasmensi
567 2579 671 2661 prima
702 2579 753 2640 die
785 2579 903 2662 aprilis.
940 2583 1035 2640 Anno
1060 2574 1292 2638 incarnacionis
1317 2571 1478 2634 dominice

216 2683 389 2745 millesimo
414 2685 672 2766 quingentesimo
696 2686 820 2768 quinto.

323 2804 344 2854 E
370 2819 472 2857 coaevo
495 2811 662 2872 transumpto
688 2806 796 2873 capituli
816 2807 1006 2874 zagrabiensis,
1025 2806 1052 2857 ln
1072 2805 1169 2856 archiv.
1190 2803 1250 2856 incl.
1268 2803 1362 2854 decad.
1381 2798 1479 2851 Sclent.
1513 2854 1518 2862 ,

214 2890 319 2944 Slavor.
344 2893 437 2945 merld.

827 3129 885 3194 41.

322 3285 397 3336 Anno
418 3285 494 3351 1505,
514 3289 538 3340 8.
558 3287 660 3351 aprilis.
679 3286 835 3353 Zagrabiae.

221 3409 391 3485 Capitulum
423 3414 486 3473 eccl.
510 3414 630 3486 zagrab.
654 3432 726 3472 anus
747 3416 881 3490 perpetui
901 3423 929 3472 et
949 3415 1111 3489 quotidiani
1130 3410 1267 3486 sacrificii
1287 3409 1317 3465 in
1340 3407 1476 3464 honorem

350 3536 371 3578 s.
394 3519 472 3590 regis
495 3517 637 3592 Stephani
658 3521 687 3577 in
710 3521 826 3578 ecclesaie
849 3521 1012 3578 cathedrali
1032 3518 1200 3578 restituendi
1220 3514 1345 3587 suscipit.

321 3653 510 3734 Capitulum
545 3655 676 3716 ecclesie
712 3657 927 3737 zagrabiensis
957 3657 997 3718 ad
1029 3655 1169 3718 futuram
1201 3654 1244 3714 rei
1278 3649 1479 3714 memoriam.

215 3759 382 3822 Canonica
405 3759 499 3821 docet
529 3761 709 3841 auctoritas,
733 3781 788 3824 eos
819 3763 942 3825 donum
966 3762 1105 3846 sumpmi
1129 3760 1282 3839 muneris,
1306 3755 1480 3819 immarcis·

215 3865 385 3946 cibilisque
408 3866 510 3946 glorie
543 3887 695 3929 coronam
720 3868 822 3930 adeo
847 3853 1020 3930 immortali
1044 3865 1247 3929 hauddubie
1271 3875 1479 3939 assecuturos,

215 3973 270 4053 qui
303 3971 369 4033 suis
400 3973 580 4054 presidibus
614 3973 747 4036 honesta
773 3994 901 4056 queque
927 3987 957 4036 et
978 3973 1180 4056 potissimum
1205 3973 1237 4034 in
1261 3970 1401 4047 laudem,
1425 3967 1479 4028 de·

215 4097 390 4159 coremque
408 4077 523 4139 domus
541 4077 592 4140 dei
609 4079 827 4141 redundancia
843 4080 1049 4142 svadentibus
1065 4079 1159 4140 alacri
1178 4079 1297 4156 animo,
1313 4094 1479 4158 pronaque

216 4183 383 4244 voluntate
415 4184 632 4246 obsecundare
662 4198 692 4246 et
724 4186 944 4268 obtemperare
969 4185 1177 4247 contendunt.
1202 4184 1286 4244 Hinc
1311 4195 1367 4261 est,
1391 4180 1478 4262 quod

216 4309 289 4350 cum
315 4289 600 4352 reverendissimus
624 4291 775 4354 dominus
804 4291 916 4370 Lucas,
941 4291 993 4353 dei
1018 4305 1049 4353 et
1069 4289 1244 4374 apostolice
1268 4288 1351 4350 sedis
1373 4286 1479 4368 gracia
1504 4357 1509 4366 ,

216 4397 387 4478 episcopus
419 4395 501 4458 dicte
535 4397 667 4459 ecclesie
698 4399 923 4479 zagrabiensis,
959 4398 1110 4459 dominus
1140 4411 1170 4458 et
1202 4395 1341 4478 prelatus
1373 4407 1480 4455 noster

214 4501 468 4583 graciosissimus
499 4523 536 4564 ex
560 4503 669 4566 debito
693 4502 791 4566 officii
824 4504 872 4566 sui
896 4505 1073 4586 pastoralis,
1097 4503 1145 4565 his
1169 4523 1231 4584 que
1260 4501 1312 4562 dei
1333 4513 1406 4562 sunt
1429 4519 1479 4560 so·

215 4608 320 4688 lerter,
337 4623 494 4689 quantum
518 4609 577 4671 sibi
602 4630 639 4672 ex
663 4609 728 4672 alto
745 4610 947 4692 permittitur,
966 4609 1144 4689 intendens,
1161 4609 1290 4670 missam
1314 4604 1479 4688 quondam

216 4733 233 4774 a
264 4711 350 4775 felici
386 4713 621 4777 recordacionis
648 4715 926 4798 predecessoribus
948 4715 1013 4776 suis
1043 4715 1076 4776 in
1109 4714 1238 4776 laudem
1269 4725 1300 4775 et
1329 4713 1479 4795 gloriam-

217 4819 407 4881 sanctissimi
431 4819 515 4902 regis
539 4820 691 4903 Stephani
717 4822 749 4882 in
773 4821 857 4882 dicta
878 4821 1009 4882 ecclesia
1026 4841 1081 4882 sua
1099 4820 1275 4882 kathedrali
1293 4820 1479 4896 institutam,

217 4925 494 5006 observatumque,
516 4928 558 4988 ob
582 4941 765 5009 temporum
781 4942 887 4989 tamen
905 4929 1100 5004 varietatem,
1117 4928 1265 5008 sedisque
1290 4925 1480 5008 episcopalis

217 5051 234 5091 a
257 5050 358 5092 manu
393 5031 483 5114 layca
511 5031 694 5094 diuturnam
731 5032 957 5095 detencionem
983 5033 1135 5118 (propter)
1164 5032 1316 5095 alimonie
1341 5045 1479 5096 sustenta
