3732 5802
416 529 474 610 148
830 530 902 588 Doc.
926 543 998 588 122.
1024 562 1064 574 -
1090 530 1146 587 An.
1173 526 1260 604 1516.

518 759 649 840 Insuper
680 776 787 819 coram
818 757 910 819 vobis
939 756 978 818 R.
1004 756 1042 818 D.
1066 756 1219 836 graciosis
1251 757 1291 817 de
1322 757 1472 837 capitulo,
1502 757 1683 838 dignitariis

414 865 574 947 Gregorio
598 863 824 926 archidiacono
848 863 889 924 de
913 863 1032 924 Waska
1058 862 1296 923 locumtenente
1321 863 1353 924 in
1376 861 1484 924 oliicio
1501 864 1683 944 vicariatus,

413 973 542 1050 lectore,
591 983 731 1048 cantore,
781 968 913 1030 custode
944 989 980 1030 ac
1012 969 1174 1030 canonicis
1206 969 1369 1048 omnibus,
1403 968 1493 1051 justis
1524 983 1556 1031 et
1600 971 1684 1032 veris

413 1077 556 1160 patronis
579 1077 675 1138 huius
699 1075 783 1137 alme
807 1074 939 1136 ecclesie
964 1074 1179 1156 zagrabiensis
1200 1074 1232 1136 in
1250 1075 1312 1136 biis
1328 1075 1452 1157 scriptis
1468 1088 1685 1158 protestantur

413 1184 611 1262 sollenniter,
635 1181 803 1264 quomodo
827 1181 985 1264 capellani
1009 1181 1115 1260 vestri,
1138 1182 1255 1262 quibus
1278 1181 1318 1242 ad
1347 1182 1516 1243 astandum
1538 1181 1683 1264 pontifici

415 1291 447 1351 in
472 1290 568 1351 missa
592 1289 707 1351 maiori
732 1288 764 1350 in
789 1286 869 1349 festo
902 1289 993 1349 beate
1017 1287 1152 1369 Agnetis
1174 1287 1283 1349 tabula
1310 1301 1377 1350 erat
1400 1289 1526 1371 scripta,
1551 1288 1684 1350 eosdem

414 1397 454 1459 de
479 1396 578 1458 domo
602 1394 795 1457 venerabilis
819 1393 943 1455 domini
968 1393 1052 1455 Petri
1077 1393 1117 1455 de
1142 1393 1277 1476 Ripach,
1293 1394 1385 1456 cuius
1404 1406 1561 1457 tuncerat
1576 1395 1684 1472 missa,

416 1503 455 1564 de
480 1501 616 1585 prandio
641 1502 717 1584 ipsis
741 1501 820 1562 alias
844 1519 881 1561 ex
905 1499 1059 1562 laudabili
1083 1500 1314 1564 consvetudine
1338 1500 1433 1562 huius
1456 1501 1587 1584 capituli
1611 1502 1685 1563 data

414 1629 471 1691 per
494 1607 693 1670 venerabiles
717 1607 867 1669 dominos
892 1605 1072 1668 Iohannem
1095 1606 1359 1694 archidiaconum
1384 1602 1624 1670 kamarcense'm
1648 1627 1685 1668 ac

416 1714 593 1796 Georgium
618 1715 658 1777 de
682 1714 841 1776 Raschina
866 1713 989 1795 expulsi
1014 1727 1106 1789 sunt3
1138 1713 1255 1795 hospes
1278 1714 1428 1795 magister
1451 1713 1562 1776 Petrus
1594 1714 1684 1793 dixit,

414 1821 636 1904 expulsionem
660 1819 757 1882 fuisse
781 1819 897 1881 factam
921 1839 978 1901 per
1001 1817 1187 1880 mandatum
1214 1819 1363 1901 capituli3
1381 1833 1412 1881 et
1429 1821 1454 1881 si
1471 1820 1516 1881 sic
1533 1819 1617 1882 loret
1629 1819 1685 1881 ad·

416 1927 489 2006 huc,
503 1929 545 1989 ob
570 1947 713 1990 amorem
738 1927 837 1988 sancti
863 1926 947 2006 regis
958 1923 1192 2008 patronihuius
1215 1926 1299 1987 alme
1313 1926 1445 1987 ecclesie
1461 1926 1499 1988 V.
1519 1927 1558 1988 R.
1583 1926 1623 1988 D.
1648 1946 1686 1987 ex

416 2053 473 2094 sua
497 2034 605 2095 innata
628 2032 734 2115 gracia
758 2051 833 2094 suos
857 2053 874 2093 a
899 2051 931 2092 se
953 2051 1018 2093 non
1050 2031 1217 2114 repellant,
1242 2028 1324 2093 forte
1347 2031 1452 2093 adhuc
1479 2045 1594 2094 ventus
1619 2052 1685 2094 ma-

418 2139 497 2220 ligni
521 2139 660 2222 spiritus,
685 2138 740 2220 qui
764 2138 974 2200 contrariatur
999 2138 1092 2199 bonis
1111 2138 1341 2220 operibus,per
1356 2151 1493 2200 vestram
1509 2139 1597 2221 piam
1617 2159 1685 2200 cor-

417 2245 592 2309 rectionem
617 2243 761 2307 iunditus
785 2243 1008 2306 eradicabitur.
1033 2243 1095 2304 Pro
1119 2242 1220 2304 Vobis
1243 2243 1341 2305 deum
1365 2245 1535 2306 exoraturi.

523 2385 660 2452 originale
680 2385 705 2436 in
726 2385 825 2450 charta,
848 2385 874 2435 in
894 2384 991 2436 archiv.
1011 2384 1103 2436 honor.
1123 2385 1241 2450 collegii.
1261 2385 1524 2439 Praebendariomnt.

1013 2669 1093 2736 122.

524 2829 598 2880 Anao
621 2829 696 2894 1516,
717 2829 741 2882 5.
760 2827 895 2880 febmarii.
916 2826 1054 2894 Strigonii.

419 2957 447 3014 A
483 2956 604 3032 Iliona,
627 2957 839 3031 archiepiscopo
870 2955 1070 3030 Stn'gonicnsi,
1097 2953 1246 3030 collegricm
1279 2957 1563 3016 Praebendonbrum
1594 2968 1688 3034 repro

462 3062 606 3138 itenditur,
632 3063 711 3137 quod
730 3064 919 3121 contentiones
941 3080 1010 3120 suos
1033 3062 1075 3118 od
1095 3062 1254 3121 arbitrium
1277 3063 1350 3121 sedis
1369 3063 1521 3122 Romanor
1542 3067 1651 3124 retulit.

528 3201 746 3263 Honorabiles
762 3201 855 3262 nobis
879 3199 997 3262 dilecti.
1013 3201 1231 3262 Intelleximus
1255 3201 1385 3263 dissidia
1402 3202 1543 3284 quedam
1569 3217 1600 3265 et
1613 3223 1686 3264 con·

418 3309 582 3371 tensiones
598 3307 672 3369 satis
685 3307 887 3368 scandalosas
904 3319 935 3369 et
948 3327 965 3368 a
979 3305 1133 3387 dignitate
1147 3307 1336 3368 sacerdotali
1353 3307 1450 3388 longe
1467 3308 1589 3370 alienas
1608 3309 1686 3371 inter

420 3435 478 3477 vos
509 3435 547 3476 ex
586 3433 649 3475 una
682 3426 714 3474 et
746 3413 908 3494 quendam
945 3412 1088 3474 Blasium
1120 3412 1332 3494 presbiterum
1363 3415 1685 3496 comprehendarium

421 3535 561 3582 vestrum
585 3519 728 3601 partibus
758 3539 795 3579 ex
819 3519 917 3580 altera
941 3518 1068 3580 obortas
1099 3532 1129 3579 et
1153 3517 1301 3579 excitatas
1325 3516 1431 3592 luisse,
1454 3533 1587 3602 propter
1611 3540 1688 3602 quas

421 3628 493 3688 lites
517 3645 648 3707 quoque
671 3624 800 3686 odiosas
823 3643 931 3686 coram
956 3624 1096 3685 dominis
1113 3623 1152 3684 de
1169 3624 1310 3705 capitulo
1328 3625 1388 3686 isto
1405 3626 1606 3706 zagrabiensi
1623 3647 1686 3688 non

421 3734 490 3795 sine
513 3731 602 3814 gravi
629 3730 772 3792 eiusdem
797 3731 929 3791 ecclesie
962 3743 993 3790 et
1015 3749 1224 3811 personarum
1257 3731 1542 3793 ecclesiasticarum
1568 3733 1685 3794 ibidem

423 3838 555 3901 infamia
592 3849 622 3898 et
654 3836 898 3918 suggillatione,
933 3836 1113 3917 iniuriaque
1149 3850 1254 3898 nostra
1287 3857 1352 3899 non
1376 3857 1484 3919 parva,
1516 3839 1687 3901 intentasse

424 3943 650 4028 perhibemini,
666 3925 705 4004 et
736 3957 770 4004 ut
801 3941 933 4003 infamia
966 3941 1150 4005 huiusmodi
1183 3957 1214 4004 ct
1246 3943 1422 4024 ignominia
1456 3963 1495 4005 eo
1528 3947 1636 4007 notior
1657 3958 1688 4005 et

423 4051 585 4132 vulgatior
609 4048 708 4128 fieret,
732 4049 803 4110 lites
827 4048 1011 4109 huiusmodi
1036 4048 1076 4110 ad
1101 4049 1220 4110 curiam
1249 4034 1380 4130 quoque
1400 4069 1580 4130 romanam,
1604 4052 1686 4112 acsi

423 4157 544 4238 judices
566 4157 659 4218 vobis
683 4155 715 4216 in
739 4175 839 4236 regno
864 4155 1029 4236 Hungarie
1053 4154 1239 4234 defuissent,
1260 4175 1467 4238 provocasse;
1485 4158 1574 4238 quod
1592 4179 1686 4239 quam

341 4257 348 4268 '
422 4263 511 4344 gravi
544 4275 575 4324 et
607 4261 833 4323 molestissimo
861 4259 993 4322 ferimus
1020 4261 1129 4322 animo
1153 4261 1239 4323 haud
1263 4263 1338 4323 satis
1360 4261 1506 4345 prolecto
1530 4267 1688 4346 explicare

423 4388 603 4450 possumus.
628 4367 788 4430 Volumus
811 4367 930 4448 itaque,
955 4368 1111 4449 vobisque
1142 4381 1173 4429 et
1195 4382 1335 4430 vestrum
1359 4369 1492 4431 cuilibet
1516 4370 1550 4430 in
1575 4371 1689 4432 virtute

425 4487 531 4542 sancte
566 4473 755 4535 obediencie
791 4486 821 4534 et
852 4475 911 4535 sub
943 4475 1290 4536 excommunicacionis
1323 4475 1385 4536 late
1414 4477 1577 4538 sentencie
1608 4495 1689 4558 pena

425 4580 625 4659 mandamus,
650 4593 808 4660 quatenus
838 4579 974 4661 acceptis
1005 4581 1205 4662 presentibus
1237 4581 1276 4642 ab
1310 4581 1419 4642 litibus
1448 4581 1634 4643 huiusmodi
1657 4595 1689 4642 et

425 4685 545 4766 jurgiis,
580 4705 642 4766 que
678 4686 778 4746 eciam
815 4685 847 4746 in
882 4686 1069 4766 agrestibus,
1113 4687 1232 4748 nedum
1268 4687 1460 4770 presbyteris
1494 4688 1689 4770 vituperiosa

425 4789 585 4870 plenaque
619 4791 760 4852 scandali
793 4804 907 4870 essent,
939 4791 1066 4853 cessetis
1097 4807 1127 4853 et
1158 4793 1350 4854 elemosinas
1383 4793 1502 4855 Christi
1532 4793 1688 4872 fidelium,

426 4894 542 4974 quibus
574 4897 719 4976 quotidie
743 4896 860 4974 vivitis,
885 4917 949 4958 non
967 4898 1007 4958 ad
1032 4897 1207 4960 discordias
1230 4913 1261 4961 et
1283 4899 1355 4961 lites
1378 4899 1510 4960 sathane
1546 4919 1610 4961 non
1633 4899 1688 4960 dei

427 4999 566 5079 inventa,
599 5003 654 5062 sed
687 5002 726 5062 ad
765 5023 840 5063 usus
871 5003 942 5084 pios
973 5017 1003 5064 et
1035 5004 1155 5066 victum
1183 5020 1323 5066 vestrum
1358 5007 1573 5067 necessarium
1608 5024 1686 5066 con-
