3732 5802
408 519 464 561 112
837 501 909 560 Doc.
931 498 985 573 96.
1008 532 1052 542 -
1075 500 1133 560 An.
1160 511 1245 572 r5rr.

408 606 525 613 —.-
543 605 944 613 ...——---.-.——--—
1245 605 1255 610 -
1332 605 1355 610 --
1385 605 1668 612 -———-—.-

403 727 563 789 bullarum
594 726 844 809 apostolicarum
879 725 912 786 in
941 724 1140 805 quibuslibet
1170 743 1281 785 earum
1306 725 1441 806 punctis,
1466 724 1620 786 clausulis
1642 738 1672 787 et

402 833 542 896 articulis
574 834 661 895 iuxta
684 832 945 895 commissionem
969 831 1063 892 nobis
1087 828 1204 892 laetam
1229 876 1470 892 ........
1495 829 1671 912 procedere

403 939 619 1022 dignaremur,
641 939 782 1021 ipsisque
814 937 935 1000 litteras
965 950 1089 998 nostras
1120 955 1215 1012 super
1249 935 1473 998 huiuscemodi
1497 983 1670 999 ......

405 1045 590 1108 execucioni
612 1044 702 1106 factis
724 1044 869 1123 idoneas,
885 1057 1124 1125 oportunasque
1142 1055 1173 1104 et
1190 1042 1381 1103 necessarias
1398 1041 1484 1121 dare,
1500 1043 1627 1104 tradere
1643 1055 1673 1104 et

402 1153 562 1233 assignare
588 1201 594 1214 .
620 1198 627 1212 .
653 1198 659 1211 .
685 1197 693 1212 .
718 1151 785 1212 Nos
808 1148 967 1212 mandatis
990 1147 1175 1230 apostolicis
1199 1149 1231 1208 in
1256 1148 1408 1210 omnibus
1432 1160 1463 1210 et
1482 1168 1540 1230 per
1562 1149 1671 1210 omnia

404 1271 439 1319 ut
472 1271 619 1318 tenemur
650 1255 785 1336 obsequi
818 1254 982 1316 humiliter
1014 1265 1045 1314 et
1076 1253 1309 1334 obtemperare,
1333 1251 1523 1334 donumque
1553 1255 1671 1315 summi

404 1363 548 1425 muneris
582 1363 727 1438 scientes,
762 1380 799 1421 ex
835 1359 895 1421 hoc
931 1359 1012 1442 ipso,
1045 1358 1133 1439 quod
1169 1357 1435 1440 precepcionibus
1468 1359 1671 1441 superiorum

403 1469 539 1531 libenter
567 1479 598 1530 et
620 1481 708 1550 grate
737 1467 997 1547 obtemperamus
1020 1463 1207 1546 (premium)
1232 1464 1413 1526 immortale
1438 1464 1573 1526 indubie
1597 1485 1671 1526 con·

402 1574 560 1650 secuturi3
585 1573 624 1634 ad
649 1572 875 1634 executionem
905 1571 1062 1632 dictarum
1086 1570 1248 1632 bullarum
1269 1570 1540 1652 apostolicarum.
1560 1597 1573 1632 ·.
1599 1619 1606 1634 .
1631 1617 1639 1633 .
1664 1617 1672 1634 .

403 1679 564 1762 premissis
595 1679 787 1757 oblatarum,
811 1677 940 1741 nemine
971 1695 1085 1758 prosus
1112 1689 1181 1737 toto
1205 1675 1371 1738 citationis
1395 1723 1671 1739 .........

403 1786 531 1868 publice
562 1798 707 1866 tempore
737 1803 794 1846 seu
826 1783 965 1845 termino
997 1782 1132 1844 decurso
1157 1782 1390 1843 contradictore
1415 1783 1448 1844 in
1472 1795 1541 1844 toto
1566 1783 1618 1844 vel
1640 1783 1671 1844 in

403 1905 503 1974 parte,
527 1911 582 1952 cur
614 1891 735 1952 scilicet
766 1890 805 1952 ad
838 1889 1065 1951 execucionem
1098 1888 1260 1950 bullarum
1289 1887 1474 1951 huiusmodi
1498 1888 1672 1971 procedere

404 2017 468 2058 non
494 1996 684 2058 deberemus
709 2015 817 2057 coram
841 1995 935 2057 nobis
957 2008 1174 2077 comparente,
1191 1995 1338 2076 quamvis
1359 2008 1427 2056 tum
1452 2015 1509 2077 per
1530 2008 1672 2057 nostum

403 2102 504 2164 eciam
522 2122 578 2184 per
594 2115 834 2184 procuratorem
851 2101 1029 2184 predictum
1047 2100 1183 2183 singulis
1199 2100 1305 2180 edicti,
1319 2102 1550 2183 citacionisque
1568 2115 1673 2164 nostre

403 2208 587 2270 huiusmodi
620 2207 735 2269 diebus
766 2221 796 2270 et
827 2207 972 2268 terminis
996 2221 1027 2268 et
1050 2207 1216 2288 presertim
1240 2220 1312 2288 post
1335 2207 1436 2268 tribus
1459 2209 1672 2269 terminorum

403 2313 517 2374 diebus
548 2313 663 2375 idonee
695 2325 726 2374 et
758 2311 963 2392 sufficienter,
987 2311 1116 2394 publice
1141 2325 1172 2374 et
1195 2312 1395 2375 sollemniter
1419 2359 1596 2378 ......
1620 2313 1672 2374 de-

403 2419 571 2496 crevimus,
595 2420 872 2501 processimusque
904 2419 1091 2481 auctoritate
1115 2419 1292 2500 apostolica
1315 2419 1409 2480 nobis
1432 2420 1464 2480 in
1489 2419 1549 2481 hac
1573 2433 1673 2501 parte,

404 2539 439 2587 ut
471 2526 675 2607 premittitur,
711 2545 871 2604 concessa,
908 2526 940 2586 in
976 2524 1061 2586 hunc
1096 2525 1152 2606 qui
1188 2525 1332 2606 sequitur
1366 2525 1519 2588 modum:
1555 2525 1673 2588 Christi

405 2633 537 2694 nomine
570 2631 728 2694 invocato.
765 2631 921 2710 Dicimus,
954 2631 1167 2710 decernimus,
1192 2631 1403 2711 declaramus,
1428 2631 1672 2714 diffinimusque

402 2751 497 2818 atque
536 2739 723 2800 auctoritate
762 2738 938 2820 apostolica
977 2737 1151 2820 prescripta
1186 2737 1386 2800 sollemniter
1419 2738 1673 2820 pronunciamus

403 2844 549 2906 ordinem
589 2844 754 2926 religionis
788 2844 1008 2906 Cisterciensis
1043 2845 1074 2905 in
1112 2843 1247 2905 ecclesia
1283 2845 1373 2906 beate
1406 2844 1507 2905 Marie
1540 2843 1673 2925 virginis

403 2950 558 3031 Zagrabie
576 2949 721 3030 lundato,
740 2970 777 3012 ex
800 2951 902 3012 causis
924 2951 956 3010 in
974 2949 1070 3011 bullis
1087 2949 1272 3032 apostolicis
1287 2950 1462 3033 prenotatis
1478 2947 1674 3012 sufficienter

403 3055 567 3137 expressis,
583 3057 816 3138 supprimendi,
834 3055 1041 3137 extinguendi
1065 3069 1162 3137 atque
1186 3056 1374 3118 removendi
1401 3076 1550 3119 necnon
1574 3056 1673 3119 eccle-

403 3161 483 3222 siam
507 3161 724 3242 parochialem
747 3163 847 3224 sancti
873 3161 1011 3224 Emerici
1036 3161 1126 3223 ducis
1150 3161 1322 3225 Sclauonie
1346 3163 1379 3224 in
1404 3181 1476 3224 area
1505 3162 1672 3246 capitulari

403 3266 602 3346 zagrabiensi
634 3265 800 3328 fundatam
831 3267 872 3328 ad
903 3266 1059 3349 prelatum
1091 3268 1258 3330 ecclesiam
1291 3269 1382 3330 beate
1414 3269 1515 3331 Marie
1540 3269 1673 3351 virginis

404 3391 476 3432 cum
500 3372 652 3434 omnibus
676 3373 808 3452 iuribus,
832 3373 1020 3455 privilegiis,
1045 3374 1274 3436 emolumentis
1294 3387 1325 3436 et
1349 3375 1556 3457 pertinenciis
1574 3389 1673 3436 trans·

403 3475 578 3556 serendam,
596 3477 817 3540 deducendam
842 3493 873 3540 et
897 3480 1150 3558 annectendam
1171 3481 1355 3562 dictamque
1380 3481 1550 3543 ecclesiam
1573 3483 1671 3543 sancti

403 3583 541 3644 Emerici
572 3583 809 3664 destruendam,
842 3583 1094 3666 demoliendam,
1133 3587 1363 3649 removendam
1399 3601 1430 3650 et
1465 3587 1575 3650 locum
1608 3589 1673 3649 sive

402 3707 508 3749 aream
532 3689 631 3771 ipsius
654 3690 694 3752 ad
719 3691 790 3752 loca
813 3692 1132 3773 propugnaculorum
1152 3692 1382 3775 deputandam,
1399 3714 1435 3755 ac
1456 3707 1615 3756 rectorem
1642 3695 1672 3754 in

404 3793 487 3854 dicta
519 3794 650 3856 ecclesia
683 3797 774 3858 beate
806 3797 906 3858 Marie
938 3798 1070 3878 virginis
1094 3817 1153 3880 pro
1176 3811 1332 3880 tempore,
1356 3819 1422 3860 non
1446 3801 1486 3861 de
1510 3800 1674 3862 canonicis

406 3898 611 3960 ecclesiarum
650 3901 864 3980 zagrabiensis
903 3917 934 3964 et
970 3903 1165 3965 chasmensis
1196 3905 1421 3987 capitulorum,
1452 3907 1672 3984 constitutum,

405 4017 595 4084 perpetuum
609 4007 817 4087 prepositum,
833 4007 1108 4090 dignitariumque
1125 4009 1270 4072 eiusdem
1287 4011 1419 4073 ecclesie
1436 4025 1545 4074 sancte
1563 4013 1672 4088 Marie,

406 4107 456 4168 cui
480 4109 600 4171 scilicet
623 4111 724 4172 eciam
748 4133 766 4173 a
789 4113 864 4174 sede
888 4115 1064 4196 apostolica
1092 4135 1185 4177 cause
1209 4117 1267 4178 rite
1286 4130 1317 4178 et
1338 4118 1494 4198 legittime
1515 4119 1671 4182 committi

406 4211 472 4272 sive
501 4214 641 4296 delegari
673 4219 794 4298 possint
823 4233 853 4280 et
886 4220 1026 4300 valeant,
1049 4222 1244 4300 vocandum,
1268 4224 1503 4286 nominandum
1532 4240 1565 4286 et
1589 4227 1673 4307 apel·

406 4315 550 4398 landum,
572 4320 761 4404 hisdemque
782 4326 921 4388 eundem
939 4327 1139 4409 prepositum
1164 4327 1288 4410 juribus
1308 4343 1339 4390 et
1362 4330 1540 4412 privilegiis
1557 4333 1673 4414 quibus

408 4421 485 4482 alias
509 4425 638 4489 abbates
670 4428 790 4490 ibidem
821 4451 879 4513 pro
907 4445 1051 4516 tempore
1076 4435 1239 4496 constituti
1265 4436 1321 4513 uti,
1346 4435 1408 4498 frui
1432 4415 1672 4516 consueverant,

408 4529 574 4609 utendum,
602 4531 839 4616 fruendumque
876 4558 943 4600 esse
979 4539 1107 4619 debere,
1144 4541 1244 4604 immo
1276 4543 1464 4604 auctoritate
1496 4545 1671 4626 apostolica

408 4631 548 4708 predicta
571 4637 680 4717 vigore
704 4653 734 4701 et
758 4642 942 4705 testimonio
966 4647 1167 4726 presencium
1187 4648 1334 4710 ordinem
1354 4647 1514 4730 prelatum
1534 4651 1567 4712 in
1591 4651 1671 4712 dicta

410 4735 539 4798 ecclesia
561 4757 666 4804 sancte
689 4747 787 4807 Marie
804 4750 1034 4831 supprimimus
1051 4765 1082 4814 et
1098 4754 1315 4836 extinguimus
1336 4767 1367 4816 et
1384 4757 1512 4836 penitus
1527 4777 1672 4818 remove·

410 4857 491 4918 mus,
515 4842 679 4927 ipsamque
708 4852 873 4914 ecclesiam
903 4857 1121 4936 parochialem
1152 4861 1252 4922 sancti
1277 4861 1415 4922 Emerici
1440 4861 1514 4923 illac
1542 4863 1671 4924 transle-

410 4942 519 5025 rimus,
534 4951 727 5016 traducimus
744 4970 774 5018 et
789 4962 988 5024 annectimus
1003 4977 1035 5024 et
1051 4984 1161 5028 muros
1176 4967 1309 5050 pristine
1330 4969 1462 5030 ecclesie
1478 4969 1670 5051 parochialis
