3900 5804
678 558 796 618 Statuta
822 560 1114 622 Praebendartaram.
1465 583 1526 645 317

260 785 325 846 duo
349 784 562 847 decimatores
579 785 611 846 in
636 785 838 847 matriculam
863 805 919 847 seu
944 787 1129 849 ladudalanr
1156 787 1254 869 ipsius
1275 789 1525 866 communitatis,

260 903 295 951 ut
320 890 424 952 solent
448 891 572 952 domini
598 891 638 952 de
674 891 826 973 capitulo,
857 905 1027 974 purgatum
1060 893 1229 973 registrum
1265 893 1340 975 ipsis
1377 893 1525 956 fratribus

258 996 335 1058 dent
348 1011 379 1058 et
392 1011 560 1080 reponant,
574 998 634 1059 sub
652 1017 734 1079 pena
748 1011 778 1059 et
794 999 933 1060 carentia
947 999 1104 1081 portionis
1119 997 1304 1060 earumdem
1316 999 1524 1068 decimarum.

361 1194 425 1252 Pro
444 1177 661 1254 restaurationi
681 1202 710 1251 et
730 1196 912 1268 reparatione
944 1196 1045 1254 balnei
1064 1197 1177 1254 collecta
1204 1205 1263 1270 pro
1297 1196 1441 1254 sacerdote
1475 1196 1522 1253 de-

252 1301 358 1374 fimcto
381 1300 414 1358 in
437 1301 524 1358 me‘ssa
547 1300 728 1358 ebdomadae·
758 1301 839 1359 beate
873 1301 998 1373 virgareis
1020 1302 1124 1359 Marte
1155 1303 1288 1374 eiusdem,
1320 1302 1448 1374 qualebet
1478 1303 1524 1360 die

250 1413 308 1478 per
329 1406 460 1464 derainer
483 1406 697 1464 Prehendarios
719 1407 801 1464 chari
821 1407 931 1464 ecclesie
953 1407 1151 1480 zagrabt'easis
1181 1407 1310 1464 dt'cenda.

372 1545 408 1608 ln
440 1565 525 1608 anno
561 1546 685 1607 domini
725 1545 898 1606 millesimo
932 1543 1274 1628 (quadringentesimo)
1311 1545 1522 1626 nonagesimo

256 1665 380 1724 octavo,
405 1651 546 1713 universi
569 1649 690 1730 fratres,
716 1650 865 1712 videlicet
897 1651 1102 1713 Prebendarii
1136 1651 1223 1713 chori
1257 1651 1390 1714 ecclesie
1414 1672 1522 1734 zagra-

254 1757 383 1836 biensis,
408 1757 448 1818 ad
472 1776 588 1819 sonum
613 1757 707 1820 solite
743 1775 897 1838 campane
921 1757 1114 1838 generaliter
1147 1757 1344 1838 congregati,
1377 1757 1522 1818 unanimi

255 1876 341 1942 vot0,
357 1863 445 1945 prius
468 1877 576 1926 tamen
600 1877 726 1924 maturo
744 1863 880 1924 consilio
898 1863 1075 1945 prehabit0,
1094 1865 1320 1926 concluserunt
1338 1877 1368 1925 et
1391 1861 1523 1925 firmiter

254 1969 423 2030 observare
446 1969 691 2051 spoponderunt
715 1988 750 2030 ac
786 1968 996 2030 decreverunt
1018 1988 1115 2030 unam
1148 1969 1327 2048 collectam,
1362 1970 1395 2030 in
1427 1970 1522 2030 missa

254 2076 345 2136 beate
375 2075 508 2156 virginis
540 2075 572 2136 in
604 2075 702 2136 choro
736 2073 879 2136 eiusdem
912 2074 1073 2135 decantari
1108 2075 1243 2155 singulis
1279 2075 1392 2137 diebus
1428 2095 1522 2137 mane

253 2180 358 2258 solita,
382 2180 422 2242 ad
447 2181 631 2263 sepissimas
654 2181 832 2263 peticiones
855 2180 1048 2242 venerabilis
1073 2180 1197 2242 domini
1222 2181 1342 2242 Mathie
1370 2181 1409 2243 de
1434 2181 1522 2243 Don-

255 2286 323 2366 bro,
361 2286 522 2348 canthoris
557 2299 588 2348 et
623 2287 769 2348 canonici
800 2284 921 2369 prefate
951 2285 1084 2348 ecclesie
1116 2286 1343 2367 zagrabiensis,
1367 2287 1431 2348 vita
1464 2307 1520 2348 sua

253 2393 381 2471 comite,
405 2392 574 2454 videlicet:
599 2392 696 2472 Deus,
721 2393 772 2453 cui
796 2391 962 2474 proprium
979 2405 1026 2454 est
1049 2392 1190 2454 misereri
1219 2406 1285 2468 etc;
1320 2407 1391 2475 post
1415 2392 1521 2454 deces-

253 2518 324 2560 sum
348 2518 424 2559 vero
449 2501 489 2560 ab
512 2499 570 2560 hac
596 2499 669 2577 vita,
694 2499 794 2560 aliam
816 2499 995 2578 collectam,
1018 2498 1184 2560 videlicet:
1211 2499 1319 2559 Presta
1345 2518 1520 2580 quesumus

253 2604 395 2683 domine,
419 2617 454 2666 ut
478 2604 585 2666 anima
610 2619 669 2666 etc.
693 2605 755 2666 Pro
792 2603 1043 2686 quibusquidem
1076 2605 1219 2666 collectis
1252 2604 1336 2666 idem
1370 2604 1521 2666 dominus

254 2709 387 2772 chantor
425 2730 484 2793 pro
523 2711 726 2792 reparatione
758 2731 794 2772 ac
833 2710 1063 2772 restauratione
1095 2709 1213 2789 balnei,
1249 2709 1337 2791 quod
1370 2729 1520 2792 magnam

253 2817 378 2878 ruinam
416 2830 447 2878 et
477 2817 640 2898 signanter
675 2816 708 2878 in
739 2829 861 2878 tectura
889 2815 1080 2898 patiebatur,
1111 2815 1223 2877 volens
1250 2816 1358 2897 itaque
1389 2816 1519 2877 obviare

252 2921 335 2983 dicte
360 2922 463 3001 ruine,
487 2921 591 2983 dictus
615 2921 767 2983 dominus
791 2921 924 2982 chantor
948 2940 1006 3002 pro
1030 2919 1196 3002 refrigerio
1222 2920 1332 2982 anime
1366 2941 1421 2982 sue
1446 2923 1519 2984 assi-

251 3028 361 3108 gnavit
385 3041 513 3089 centum
538 3027 678 3089 florenos
702 3027 770 3088 auri
803 3027 895 3088 dictis
924 3027 1064 3088 dominis
1098 3027 1338 3102 Prebendariis;
1375 3041 1518 3110 preterea

251 3131 363 3216 prelati
388 3132 499 3195 fratres
522 3145 718 3195 assumentes
753 3151 835 3194 onus
871 3131 1030 3214 prelatum
1055 3133 1264 3214 astringentes
1299 3134 1430 3216 seipsos,
1458 3135 1518 3195 sci·
1576 3212 1583 3225 .

250 3239 324 3301 licet
348 3254 510 3322 presentes
534 3252 565 3301 et
588 3237 713 3300 futuros
743 3237 988 3317 Prebendarios,
1020 3239 1265 3320 obligantesque
1296 3240 1336 3300 ad
1367 3239 1518 3300 dicendas

249 3345 386 3427 prefatas
421 3345 581 3424 collectas,
605 3345 645 3406 ad
681 3344 770 3426 quod
795 3345 980 3426 obligamen
1006 3343 1130 3426 (omnes
1155 3344 1394 3426 consenserunt)
1420 3365 1517 3426 penes

250 3449 387 3512 formam
422 3451 590 3512 iuramenti
623 3451 654 3512 in
691 3451 822 3511 matrica
859 3450 1030 3511 existentis.
1068 3450 1157 3529 Item,
1187 3471 1247 3530 ego
1284 3449 1442 3531 Georgius
1477 3451 1516 3510 de

250 3556 383 3636 Roicha,
407 3557 546 3618 decanus
583 3557 729 3618 consensi
752 3569 783 3617 et
807 3575 865 3637 pro
890 3557 1003 3617 maiori
1029 3556 1152 3616 cautela
1178 3556 1402 3636 unusquisque
1419 3576 1517 3616 manu

250 3663 378 3744 propria
402 3683 435 3723 se
460 3662 669 3744 introscripsit
693 3661 880 3723 adherendo
905 3675 935 3723 et
959 3661 1190 3722 consentiendo
1215 3660 1417 3742 dispositioni
1442 3681 1511 3742 pre-

250 3767 367 3829 habite.
392 3768 573 3850 Stephanus
596 3766 744 3828 similiter
768 3766 807 3827 de
833 3767 966 3846 Roicha,
992 3766 1172 3848 Stephanus
1204 3766 1243 3826 de
1274 3766 1399 3845 Iwanis,
1433 3767 1515 3828 Mar-

248 3873 335 3934 tinus
359 3874 399 3934 de
424 3872 534 3952 Narth,
559 3871 698 3934 Michael
723 3873 762 3932 de
787 3872 1018 3951 Zthenichnak,
1037 3892 1097 3953 ego
1122 3872 1267 3933 Andreas
1292 3872 1329 3932 de
1349 3873 1514 3950 Ywanich,

251 3979 373 4041 Tomas
398 3979 438 4042 de
462 3978 608 4060 Ciglena‚
634 3976 809 4058 Gregorius
826 3979 865 4039 de
883 3978 1070 4058 Margerlac,
1093 3977 1237 4038 Thomas
1255 3977 1294 4038 de
1313 3978 1513 4059 Megereche,

251 4085 431 4167 Stephanus
455 4085 494 4146 de
530 4085 649 4164 Lobor,
683 4085 872 4146 Dominicus
906 4085 945 4145 de
983 4083 1247 4161 Pekerzerdahel,
1286 4084 1439 4146 Nicolaus
1475 4084 1514 4144 de

247 4186 364 4273 Ilycza,
389 4189 600 4274 (Franciscus)
626 4190 665 4252 de
691 4191 848 4272 Capolna,
866 4190 1112 4253 Bartholomeus
1135 4204 1314 4269 succentor,
1333 4190 1456 4251 Blasius
1474 4189 1514 4251 de

249 4296 385 4375 civitate,
421 4297 583 4359 lohannes
619 4296 657 4357 de
695 4297 846 4374 Brumen,
883 4317 943 4378 ego
979 4295 1162 4358 Anthonius
1198 4297 1320 4374 Zewer,
1354 4296 1514 4374 consensi,

246 4402 429 4464 Anthonius
454 4403 493 4463 de
528 4403 664 4485 Zyncze,
689 4403 846 4463 Martinus
881 4402 921 4464 de
947 4403 1109 4480 Ywanicz,
1147 4403 1260 4464 Petrus
1286 4403 1325 4462 de
1361 4401 1513 4480 Chasma,

247 4507 422 4569 Nicholaus
447 4508 618 4570 canthoris.

350 4687 399 4743 De
420 4685 526 4744 honere
548 4687 723 4745 balneatoris
739 4686 849 4761 fetari
869 4706 923 4762 que
945 4695 1033 4746 eruat
1054 4686 1248 4748 observanda,

353 4809 472 4887 Primo,
498 4807 754 4871 deminuitione
786 4809 918 4871 fratrum
942 4822 973 4871 et
1005 4809 1148 4891 ipsorum
1180 4805 1302 4869 familie
1334 4809 1511 4870 secundum

250 4914 415 4995 antiquam
451 4914 716 4976 consuetudinem
748 4915 788 4976 de
812 4935 892 4976 vena
924 4915 1042 4976 minori
1075 4927 1213 4997 quatuor
1236 4915 1437 4994 viennenses,
1472 4916 1512 4976 de

246 5021 360 5082 maiori
385 5020 466 5083 duos
490 5020 619 5083 solidos,
647 5020 694 5083 De
718 5019 960 5100 fleubothomia,
984 5021 1023 5082 de
1049 5021 1193 5102 quinque
1228 5021 1379 5082 cornibus
1411 5041 1511 5083 unum
