3752 5806
552 605 625 662 Dec.
645 614 691 679 37.
714 635 751 646 -
780 603 940 676 An.1505.
1365 619 1404 680 37

151 711 279 718 —--
288 711 341 715 .—
353 711 374 716 -
382 711 392 715 -
850 707 968 712 ---.--
978 705 1274 712 -n--m-
1301 703 1399 710 ---—-

152 834 312 896 bucionum
344 832 668 894 extraordinariarum
700 843 731 891 et
761 829 897 892 aliarum
921 827 1107 909 quarumvis
1137 827 1340 888 solucionum
1371 827 1403 888 in

150 939 279 1001 medium
310 937 549 1019 regnicolarum
582 937 671 1019 regni
704 936 803 998 nostri
828 934 997 996 Sclavonie
1026 933 1298 1015 quandocumque
1324 933 1402 994 fieu-

151 1045 249 1106 darum
282 1058 312 1106 et
344 1043 616 1126 imponendarum
641 1044 700 1104 sub
725 1042 816 1103 certis
840 1040 991 1102 clausulis
1015 1053 1046 1100 et
1069 1039 1210 1101 articulis
1233 1039 1346 1100 litteris
1370 1040 1401 1100 in

150 1150 255 1212 eisdem
288 1150 406 1212 clarius
439 1149 592 1231 expressis
625 1161 656 1210 et
687 1145 874 1230 specificatis
906 1146 937 1207 in
970 1157 1161 1228 perpetuum
1193 1145 1347 1206 exemisse
1372 1159 1402 1207 et

149 1272 336 1338 supportasse
362 1256 550 1334 dinoscitur,
567 1255 687 1317 tenoris
712 1251 913 1335 infrascripti.
932 1251 1154 1334 Supplicatum
1176 1251 1283 1332 itaque
1300 1253 1402 1314 extitit

149 1363 290 1423 Maiestati
314 1375 423 1424 nostre
447 1381 505 1443 pro
529 1373 618 1442 parte
643 1359 820 1422 eorundem
844 1359 963 1420 civium
987 1371 1017 1420 et
1039 1358 1143 1420 tocius
1163 1357 1402 1419 communitatis

147 1467 218 1528 dicte
248 1469 386 1528 civitatis
420 1480 524 1528 nostre
550 1467 832 1548 Montisgrecensis
863 1464 1037 1542 humiliter,
1063 1475 1096 1524 ut
1130 1462 1258 1525 easdem
1281 1466 1401 1526 litteras

146 1572 245 1654 prelati
278 1574 419 1636 condam
452 1571 574 1634 domini
601 1573 720 1634 Mathie
744 1572 827 1652 regis
851 1584 881 1632 et
905 1571 1013 1632 omnia
1038 1571 1070 1631 in
1095 1569 1216 1632 eisdem
1241 1583 1400 1648 contenta,

146 1693 227 1758 ratas,
249 1693 356 1762 gratas
387 1692 419 1740 et
450 1691 578 1760 accepta
610 1677 764 1740 habentes
796 1677 973 1757 litterisque
1005 1677 1121 1738 nostris
1147 1676 1400 1758 privilegialibus

145 1786 228 1848 inseri
251 1801 282 1848 et
306 1786 438 1848 inscribi
464 1785 612 1848 faciendo
635 1803 693 1866 pro
726 1784 847 1846 eisdem
872 1783 995 1844 civibus
1018 1801 1054 1844 ac
1081 1795 1146 1844 tota
1170 1784 1399 1846 communitate

144 1890 217 1953 dicte
239 1893 376 1954 civitatis
397 1904 505 1953 nostre
522 1891 810 1972 Montisgrecensis,
828 1890 1035 1972 ipsorumque
1053 1887 1223 1950 heredibus
1248 1903 1279 1951 et
1294 1903 1398 1972 poste-

144 1997 276 2058 ritatibus
308 1998 469 2060 universis
496 1997 693 2077 innovando,
720 2010 877 2081 perpetuo
900 1995 1052 2057 valituras
1076 1994 1263 2058 confirmare
1288 1995 1398 2076 digna-

143 2121 248 2164 remur.
272 2104 555 2186 Quarumquidem
587 2106 764 2166 litterarum
788 2103 887 2185 ipsius
909 2102 984 2163 dicti
1010 2100 1147 2162 condam
1173 2101 1292 2164 Mathis
1315 2107 1399 2186 regis

142 2222 224 2270 tenor
245 2213 320 2272 talis
344 2225 407 2272 est:
432 2211 517 2292 (vide
541 2212 606 2273 vol.
632 2211 667 2273 ll.
693 2210 772 2272 Doc.
798 2230 871 2293 271.
896 2209 935 2269 de
959 2227 1045 2269 anno
1074 2207 1178 2290 1472.)
1212 2209 1279 2270 Nos
1302 2211 1398 2292 igitur

142 2313 310 2377 humilimis
340 2331 371 2377 et
395 2316 519 2379 devotis
550 2316 843 2398 supplicacionibus
869 2335 926 2396 pro
950 2327 1038 2396 parte
1063 2314 1260 2402 prelatorum
1283 2314 1398 2398 judicis

142 2433 168 2480 et
189 2419 376 2501 juratorum,
393 2437 636 2504 ceterorumque
661 2423 780 2484 civium
804 2437 834 2483 et
858 2421 1108 2484 inhabitatorum
1132 2443 1167 2484 ac
1189 2422 1290 2484 tocius
1311 2442 1397 2484 com-

140 2528 294 2589 munitatis
321 2529 405 2590 dicte
430 2529 565 2590 civitatis
589 2542 694 2590 nostre
720 2529 1000 2610 Montisgrecensis
1026 2528 1083 2590 sed
1107 2541 1138 2590 et
1162 2529 1339 2590 incolarum
1364 2529 1396 2590 in

139 2633 281 2696 suburbio
309 2635 454 2696 eiusdem
477 2635 611 2697 civitatis
635 2635 919 2712 commorandum,
937 2649 1054 2712 nostre,
1078 2633 1177 2696 modo
1201 2653 1267 2715 quo
1290 2654 1396 2717 supra,

141 2741 283 2818 porrectis
310 2741 478 2820 Maiestati,
495 2743 581 2824 regia
605 2741 800 2824 benignitate
825 2740 981 2802 exauditis
997 2753 1027 2802 et
1048 2741 1221 2802 clementer
1240 2741 1396 2820 admissis,

138 2846 319 2928 prescriptas
350 2847 470 2909 litteras
498 2845 634 2908 condam
665 2847 789 2908 domini
813 2846 932 2908 Mathie
966 2847 1049 2928 regis
1080 2845 1305 2927 privilegiales,
1329 2866 1395 2908 non

138 2951 264 3030 abrasas,
288 2972 357 3013 non
381 2953 582 3032 cancellatas,
603 2974 661 3015 nec
686 2953 718 3014 in
742 2952 850 3034 aliqua
874 2953 923 3014 sui
940 2965 1028 3034 parte
1045 2965 1216 3034 suspectas,
1232 2952 1288 3014 sed
1305 2953 1394 3014 omni

138 3075 256 3136 prorsus
293 3059 378 3120 vicio
414 3072 445 3120 et
477 3059 658 3141 suspicione
694 3071 845 3138 carentes,
882 3059 1083 3140 presentibus
1117 3078 1248 3140 quoque
1282 3059 1395 3122 litteris

137 3163 243 3224 nostris
267 3164 416 3225 similiter
433 3164 687 3246 privilegialibus
708 3164 748 3226 de
767 3165 866 3226 verbo
882 3164 922 3225 ad
939 3165 1074 3226 verbum
1091 3164 1158 3226 sine
1175 3164 1394 3228 diminucione

137 3280 163 3327 et
195 3283 370 3352 augmento
401 3271 533 3352 aliquali
566 3271 707 3349 insertas,
741 3269 850 3351 quoad
881 3289 994 3332 omnes
1026 3289 1135 3332 earum
1167 3270 1393 3350 continencias,

137 3371 286 3436 clausulas
304 3389 335 3436 et
351 3377 501 3438 articulos
517 3391 648 3439 eatenus
664 3389 822 3457 quatenus
838 3375 950 3438 eedem
968 3377 1025 3436 rite
1038 3388 1069 3437 et
1085 3376 1241 3457 legittime
1258 3377 1395 3438 existunt

136 3495 286 3560 emanate,
312 3481 497 3564 viribusque
519 3501 628 3544 earum
646 3483 761 3544 veritas
776 3481 976 3563 suffragatur,
994 3503 1030 3543 ex
1048 3502 1113 3564 quo
1131 3484 1231 3544 eciam
1248 3481 1393 3564 alioquin

136 3581 188 3664 ipsi
219 3587 305 3648 cives
337 3589 503 3650 annuatim
533 3609 591 3671 per
622 3609 654 3650 se
688 3608 819 3650 censum
851 3588 891 3650 de
924 3589 1033 3652 medio
1058 3590 1200 3672 ipsorum
1224 3590 1392 3672 provenire

134 3687 314 3754 debendum
330 3693 434 3772 nobis,
445 3695 623 3776 nostrisque
640 3695 875 3757 successoribus
891 3695 1019 3777 regibus
1030 3679 1393 3778 Hungarie'persolvere

134 3792 255 3876 habent,
270 3811 484 3880 acceptamus,
494 3801 710 3882 approbamus
726 3815 757 3862 et
770 3800 961 3862 ratificamus
978 3813 1009 3862 et
1021 3801 1250 3864 nichilominus
1264 3801 1392 3864 easdem

134 3913 161 3960 et
183 3905 294 3965 omnia
325 3905 357 3965 in
383 3905 502 3967 eisdem
535 3919 683 3970 contenta
709 3927 767 3988 pro
798 3907 890 3968 dictis
914 3907 1038 3968 civibus
1069 3921 1100 3969 et
1126 3907 1392 3970 inhabitatoribus

133 4025 165 4067 ac
195 4023 260 4072 tota
295 4012 524 4073 communitate
558 4013 642 4074 dicte
672 4013 807 4074 civitatis
840 4027 947 4075 nostre
972 4014 1249 4095 Montisgrecensis
1282 4013 1337 4074 sed
1361 4027 1392 4076 et

134 4113 242 4177 incolis
267 4118 301 4178 in
323 4118 479 4179 suburbio
502 4118 644 4180 eiusdem
663 4119 798 4181 civitatis
815 4121 1099 4198 commorantibus,
1112 4121 1321 4203 ipsorumque
1337 4121 1392 4183 he·

131 4221 256 4285 redibus
273 4236 305 4283 et
321 4225 557 4305 posteritatibus
575 4225 729 4287 universis
746 4225 777 4286 in
794 4239 984 4308 perpetuum
997 4227 1149 4288 valituras
1165 4227 1391 4291 confirmamus

131 4330 282 4408 presentis
305 4329 412 4411 scripti
437 4331 534 4392 nostri
557 4331 736 4413 patrocinio
761 4330 932 4393 mediante.
950 4331 983 4392 ln
1008 4332 1098 4393 cuius
1122 4333 1165 4394 rei
1190 4335 1391 4415 memoriam,

130 4433 375 4515 firmitatemque
407 4449 594 4516 perpetuam
628 4450 789 4518 presentes
824 4437 943 4498 litteras
978 4451 1100 4498 nostras
1131 4453 1252 4500 secreto
1283 4439 1390 4522 sigillo

131 4556 245 4620 nostro,
264 4561 330 4622 quo
356 4555 389 4602 ut
410 4561 465 4602 rex
482 4541 646 4623 Hungarie
673 4543 803 4621 utimur,
819 4543 1017 4625 impendenti
1039 4545 1252 4606 communitas
1269 4546 1388 4608 eisdem

129 4647 248 4709 civibus
273 4661 304 4708 et
328 4646 441 4708 incolis
465 4647 547 4709 dicte
572 4648 706 4710 civitatis
733 4649 883 4710 duximus
906 4649 1138 4712 concedendas.
1155 4649 1273 4712 Datum
1300 4653 1389 4714 Bude

130 4752 158 4812 in
191 4754 355 4816 dominica
387 4753 488 4826 Quasi
521 4754 629 4816 modo.
654 4759 750 4816 Anno
783 4755 906 4816 domini
935 4755 1108 4818 millesimo
1131 4757 1389 4839 quingentesimo

129 4859 251 4937 quinto.
275 4860 464 4940 Regnorum
496 4873 677 4922 nostrorum
709 4861 875 4942 Hungarie
905 4873 963 4923 etc.
988 4881 1073 4923 anno
1107 4862 1233 4924 decimo
1265 4864 1388 4945 quinto,

130 4962 280 5026 bohemie
304 4984 382 5026 vero
404 4964 565 5027 tricesimo
590 4967 715 5047 quinto.

232 5087 368 5152 originale
389 5087 415 5138 ln
431 5090 588 5140 membrana
604 5087 678 5140 Zona
690 5091 793 5142 sericea
807 5093 887 5154 rubri,
902 5092 1014 5143 violacei
1029 5099 1055 5144 et
1069 5094 1129 5146 flavi
1144 5095 1241 5146 eoloris
1257 5098 1389 5160 appendet

126 5173 226 5240 absque
246 5175 346 5241 sigillo.
366 5173 397 5228 ln
417 5175 513 5230 archiv.
533 5177 577 5231 lib.
597 5192 651 5244 reg.
672 5179 720 5232 civ.
740 5179 931 5244 zagrabiensis.
