3752 5806
423 575 466 634 40
856 553 995 632 Doc.,10.
1023 589 1062 599 -
1087 557 1141 614 An.
1168 565 1253 630 1505.

427 661 731 669 .-—---—-...-.———-
741 661 781 668 -ο-
788 661 827 668 -ι-

425 803 532 845 coram
557 783 619 844 deo
644 783 717 844 vivo
741 803 823 865 pena
847 782 1007 865 condigna
1024 783 1161 846 luamus.
1178 784 1263 846 Cum
1280 783 1388 864 itaque
1405 783 1437 844 in
1454 783 1537 844 dicta
1556 782 1685 844 ecclesia

425 903 533 952 nostra
561 889 759 970 zagrabiensi
784 910 800 950 a
825 891 909 951 bone
939 891 1095 954 memorie
1119 889 1396 972 predecessoribus
1420 890 1535 951 nostris
1559 890 1686 950 missam

426 995 588 1078 quandam
612 996 643 1056 in
668 995 797 1056 laudem
828 996 1030 1076 gloriamque
1054 1009 1085 1057 et
1108 995 1264 1057 honorem
1296 996 1484 1058 sanctissimi
1514 996 1597 1076 regis
1621 994 1685 1056 Ste-

426 1101 534 1184 phani,
555 1101 645 1181 cujus
668 1101 789 1162 meritis
812 1115 843 1162 et
867 1101 975 1164 favore
999 1103 1126 1184 speciali
1151 1102 1333 1164 cathedram
1357 1103 1438 1164 hanc
1462 1101 1688 1184 episcopalem,

427 1227 525 1289 quam
548 1227 633 1268 nunc
651 1220 729 1268 nutu
748 1207 858 1268 divino
875 1209 1069 1288 obtinemus,
1087 1207 1221 1270 feliciter
1238 1209 1463 1286 conscendere,
1481 1207 1689 1288 officiumque

427 1312 586 1395 pastorale
621 1312 825 1374 laudabiliter
857 1314 985 1395 exsequi
1017 1333 1053 1375 ac
1077 1315 1207 1375 tandem
1232 1314 1438 1376 beatitudinis
1463 1329 1570 1374 eterne
1596 1312 1689 1395 parti-

428 1419 514 1500 cipes
546 1416 628 1480 effici
663 1433 855 1497 meruerant,
878 1419 1007 1501 singulo
1039 1439 1169 1501 quoque
1201 1419 1252 1482 die
1284 1440 1358 1482 cum
1388 1433 1494 1496 cantu,
1519 1433 1555 1479 ut
1584 1417 1690 1478 debita

427 1525 562 1586 servitus
585 1544 661 1585 vero
685 1537 716 1586 et
739 1525 937 1606 pientissimo
968 1539 1104 1606 patrono
1129 1545 1147 1587 a
1171 1527 1264 1587 bonis
1288 1525 1448 1588 clientulis
1477 1525 1690 1600 exhiberetur,

429 1653 466 1696 ex
501 1631 709 1714 proventibus
739 1649 847 1692 mense
882 1631 1072 1712 episcopalis
1097 1633 1216 1713 precise
1248 1633 1435 1710 institutam,
1467 1645 1689 1710 servatamque

431 1735 527 1798 fuisse
551 1756 568 1797 a
592 1749 736 1818 tempore
769 1737 859 1796 cuius
884 1737 1038 1798 memoria
1063 1737 1232 1798 hominum
1257 1757 1321 1798 non
1346 1750 1402 1816 est,
1431 1737 1493 1798 fide
1518 1736 1691 1798 certissima

431 1856 462 1904 et
494 1841 620 1903 notoria
654 1841 926 1922 cognovissemus.
956 1841 1109 1902 Nolentes
1140 1857 1272 1920 sanctas,
1297 1843 1441 1904 salubres
1465 1855 1496 1903 et
1520 1841 1693 1922 legittimas

431 1949 693 2030 predecessorum
727 1959 908 2008 nostrorum
934 1945 1169 2024 ordinaciones,
1194 1961 1349 2028 quantum
1381 1949 1413 2009 in
1439 1949 1532 2009 nobis
1556 1959 1614 2025 est,
1638 1947 1694 2008 ali·

432 2067 589 2135 quatenus
613 2053 821 2135 supprimere,
837 2066 893 2114 aut
909 2053 1009 2115 eciam
1027 2053 1262 2134 quoquomodo
1280 2055 1469 2132 diminuere,
1486 2054 1566 2134 quin
1585 2053 1695 2135 pocius

433 2179 495 2241 ope
537 2159 669 2220 nitimur
703 2160 847 2240 neglecta
882 2159 1035 2220 hactenus
1069 2161 1236 2241 corrigere,
1274 2161 1432 2222 diminuta
1467 2161 1695 2241 redintegrare,

432 2264 608 2327 necessaria
631 2263 671 2326 de
696 2284 781 2326 novo
805 2264 963 2344 edificare,
984 2265 1105 2326 cultum
1130 2266 1275 2328 divinum
1299 2267 1452 2328 alimonia
1476 2266 1695 2328 ministrorum

433 2372 539 2432 minus
569 2368 763 2431 sufficienter
795 2369 975 2449 fundatum,
1001 2370 1095 2432 donis
1125 2371 1324 2451 melioribus,
1349 2391 1450 2454 quum
1478 2371 1622 2433 accionis
1645 2371 1694 2452 pie

433 2478 554 2559 optima
578 2495 725 2538 mensura
749 2477 788 2537 sit
813 2477 1020 2556 immensitas,
1037 2476 1163 2538 firmare
1179 2491 1210 2538 et
1226 2491 1442 2559 augmentare,
1459 2492 1694 2539 antecessorum

434 2584 593 2665 siquidem
625 2583 774 2644 salutaria
806 2582 948 2644 instituta
972 2602 1037 2644 non
1062 2602 1198 2662 servare,
1222 2583 1267 2644 nil
1291 2583 1379 2644 aliud
1404 2595 1461 2661 est,
1486 2597 1520 2644 ut
1544 2581 1695 2644 canonica

435 2703 571 2752 certatur
602 2689 782 2766 auctoritas,
807 2708 903 2769 quam
935 2688 995 2749 sibi
1020 2688 1079 2770 ipsi
1104 2689 1219 2750 iniurie
1243 2688 1357 2752 facere.
1383 2689 1471 2763 Quid
1497 2689 1584 2750 enirn
1610 2705 1696 2768 aspe-

437 2796 512 2874 rius,
529 2796 688 2876 bonisque
712 2793 913 2856 sacerdotum
938 2795 1083 2856 moribus
1106 2795 1208 2876 magis
1232 2795 1398 2857 inimicum
1423 2794 1560 2856 inveniri
1585 2805 1698 2874 potest,

397 2883 400 2888 ¹
436 2921 534 2985 quam
560 2902 617 2964 niti
642 2901 827 2982 quempiam
852 2913 1111 2981 quantacumque
1130 2901 1267 2962 racionis
1288 2903 1507 2980 excusacione,
1529 2919 1594 2980 que
1618 2900 1697 2959 bene

437 3023 468 3072 et
491 3009 696 3072 laudabiliter
720 3006 848 3068 inducta
874 3020 1061 3087 servataque
1078 3005 1213 3085 fuerant,
1231 3028 1268 3069 ex
1285 3007 1378 3070 libito
1395 3006 1577 3069 rescindere
1594 3023 1697 3066 exem·

437 3118 557 3199 ploque
581 3115 661 3176 alios
686 3113 800 3174 docere
834 3132 889 3173 sua
918 3112 1113 3193 quandoque
1138 3113 1280 3175 instituta
1303 3114 1477 3175 dissolvere
1500 3131 1607 3195 posse,
1631 3129 1697 3193 pre·

437 3223 554 3284 dictam
585 3221 715 3282 missam
745 3218 810 3280 divi
838 3219 921 3298 regis
953 3217 1116 3299 Stephani,
1139 3219 1183 3279 sic
1219 3231 1253 3280 ut
1283 3219 1485 3301 premittitur,
1509 3219 1542 3280 in
1568 3216 1698 3279 ecclesia

437 3342 545 3391 nostra
578 3325 776 3408 zagrabiensi
811 3345 828 3386 a
859 3322 1138 3405 predecessoribus
1169 3325 1286 3386 nostris
1321 3345 1359 3386 ex
1389 3324 1568 3386 redditibus
1591 3341 1697 3384 mense

439 3433 630 3519 episcopalis
660 3431 777 3493 servari
809 3443 840 3491 et
864 3431 1015 3491 celebrari
1044 3430 1181 3511 solitam,
1206 3431 1432 3512 approbamus,
1456 3431 1648 3492 roboramus
1670 3441 1699 3489 et

439 3541 642 3618 ratificamus,
665 3538 923 3617 instituimusque
955 3549 986 3597 et
1015 3536 1212 3614 ordinamus,
1237 3537 1262 3597 si
1293 3555 1422 3599 necesse
1453 3549 1510 3614 est,
1535 3536 1637 3597 eciam
1661 3532 1698 3594 de

440 3667 526 3710 novo
557 3644 718 3728 perpetuis
748 3663 874 3724 semper
901 3642 1015 3704 futuris
1038 3643 1237 3724 temporibus
1260 3643 1456 3704 duraturam.
1481 3643 1522 3704 Et
1546 3641 1699 3724 quoniam

440 3751 515 3814 sede
546 3763 676 3812 vacante
701 3751 743 3810 ob
766 3749 920 3810 alimonie
952 3749 1261 3830 sustentacionisque
1286 3748 1506 3810 ministrorum
1531 3745 1700 3822 defectum,

441 3859 577 3919 maxime
610 3855 808 3937 temporibus
839 3853 1080 3932 disturbiorum,
1105 3875 1177 3916 cnm
1210 3853 1330 3937 prefata
1358 3854 1492 3917 ecclesia
1515 3867 1622 3915 nostra
1647 3871 1700 3934 per

442 3985 555 4026 manus
590 3963 685 4025 laicas
719 3961 866 4043 pluribus
900 3960 991 4020 annis
1026 3961 1247 4041 potencialiter
1277 3973 1363 4022 tenta
1395 3974 1425 4021 et
1458 3979 1603 4041 possessa
1633 3957 1701 4035 fuit,

441 4073 559 4135 dictam
583 4070 712 4131 missam
735 4067 906 4129 didicimus
929 4067 1192 4129 certitudinaliter
1216 4066 1471 4148 frequentissime
1494 4067 1701 4147 interceptam

442 4179 658 4257 omissamque
682 4174 798 4250 fuisse;
822 4175 967 4235 volentes
989 4187 1054 4235 tam
1075 4175 1129 4256 pio
1146 4187 1176 4235 et
1192 4175 1321 4235 salutari
1338 4174 1483 4235 instituto
1500 4171 1702 4234 commodius

443 4303 478 4344 ac
503 4283 623 4362 utilius,
641 4295 675 4342 ut
699 4279 765 4342 fieri
791 4293 903 4362 potest,
922 4281 1099 4358 consulere,
1116 4294 1263 4342 caventes
1287 4299 1326 4340 ne
1351 4280 1383 4342 in
1408 4291 1572 4360 posterum
1596 4278 1702 4359 aliqua

443 4389 611 4449 occasione
635 4388 743 4449 oblata
767 4387 877 4448 itidem
902 4385 970 4447 fieri
994 4388 1168 4468 contingat,
1186 4407 1268 4448 onus
1288 4385 1544 4469 supportacionis
1560 4384 1703 4446 eiusdem

444 4492 592 4555 iratribus
617 4495 741 4573 nostris,
766 4493 908 4574 capitulo
933 4493 1064 4554 ecclesie
1089 4507 1196 4555 nostre
1219 4493 1444 4574 zagrabiensis,
1470 4506 1624 4574 perpetue
1649 4490 1704 4550 du·

444 4613 586 4661 raturum
619 4600 815 4680 injunximus
850 4613 881 4660 et
910 4597 1086 4678 injecimus,
1118 4619 1187 4678 nos,
1215 4619 1476 4680 successoresque
1510 4611 1637 4658 nostros
1667 4597 1704 4656 ab

445 4704 629 4766 huiusmodi
661 4725 736 4767 cura
767 4705 952 4784 relevantes,
979 4705 1096 4786 quibus
1127 4705 1239 4784 eciam,
1264 4725 1304 4766 ne
1328 4705 1463 4766 ministri
1488 4723 1546 4786 per
1570 4723 1626 4764 eos
1650 4720 1706 4783 pro

445 4824 589 4891 tempore
625 4811 786 4872 constituti
824 4811 999 4872 necessaria
1039 4811 1274 4872 sustentacione
1314 4823 1344 4871 et
1379 4809 1533 4871 alimonia
1570 4807 1705 4870 fraudati

447 4936 527 4996 opus
551 4916 611 4976 hoc
634 4915 843 4994 salutiferum,
862 4916 950 4998 quod
974 4918 1094 4997 absque
1118 4915 1350 4998 temporalibus
1373 4917 1430 4977 diu
1453 4916 1561 4976 vivere
1587 4914 1706 4996 nequit,

448 5021 616 5082 destituere
649 5035 679 5082 et
710 5023 866 5101 omittere,
902 5037 936 5084 ut
967 5021 1030 5104 jam
1063 5023 1317 5105 frequentissime
1348 5023 1519 5103 contigisse
1549 5035 1637 5082 certo
1661 5021 1705 5080 in-
