3808 5792
606 529 771 606 Doc.137.
797 561 836 573 —
861 529 920 590 An.
945 539 1031 606 1517.

1327 548 1448 644 22⁵.

185 755 411 816 extendentem
447 775 555 818 versus
592 769 716 840 partem
751 755 984 819 occidentalem
1018 756 1161 818 habitam
1198 770 1229 820 et
1252 757 1450 837 existentem,

184 864 272 943 ipsos
295 861 414 923 scilicet
437 861 618 924 iohannem
642 861 836 945 lreniparem
860 877 891 924 et
915 862 1083 952 dominam
1107 862 1316 925 Katherinam
1340 883 1451 926 acon.
1501 890 1502 894 ¹

185 966 260 1028 dam
286 967 417 1029 domina
441 968 553 1048 Eleus,
576 969 685 1031 relicta
718 988 796 1032 vero
828 969 965 1031 condam
1000 968 1138 1031 Emerici
1174 969 1320 1052 Hungari
1351 983 1450 1032 matre

184 1093 261 1134 vero
286 1074 405 1136 carnali
429 1075 528 1155 ipsius
552 1075 684 1138 domine
701 1075 876 1138 Katherine
893 1074 961 1156 jure
977 1075 1174 1138 successorio
1191 1075 1450 1158 hereditarioque

184 1191 216 1240 et
228 1181 465 1243 testamentaria
489 1181 655 1262 legacione
673 1193 931 1260 concernentem,
947 1181 1043 1243 simul
1060 1181 1295 1244 cumomnibus
1306 1182 1451 1244 eiusdem

184 1285 279 1347 vinee
317 1306 443 1348 necnon
466 1287 596 1368 virgulti
621 1288 728 1350 eidem
752 1287 945 1350 subiacentis
962 1287 1163 1367 utilitatibus,
1180 1287 1314 1369 juribus,
1330 1289 1452 1367 usibus,

185 1392 430 1474 integritatibus,
455 1392 730 1456 fructuositatibus
753 1407 784 1456 et
807 1393 1014 1476 pertinenciis
1034 1393 1191 1456 universis
1203 1394 1339 1477 provido
1352 1407 1383 1457 et
1395 1394 1453 1456 ho·

184 1513 277 1561 nesto
300 1499 369 1561 viro
386 1499 493 1562 Blasio
517 1500 635 1582 Sporar
651 1499 748 1580 dicto,
773 1520 832 1562 nec
857 1519 923 1561 non
946 1499 1077 1562 domine
1095 1481 1295 1582 Margarethe
1312 1501 1451 1562 consorti

185 1604 331 1667 eiusdem
355 1626 391 1668 ac
414 1627 471 1689 per
494 1626 550 1669 eos
574 1608 717 1689 ipsorum
745 1605 917 1668 heredibus
940 1625 999 1688 pro
1032 1605 1164 1668 florenis
1197 1607 1349 1669 tredecim
1382 1607 1452 1668 auri

185 1723 217 1772 et
239 1731 296 1793 per
320 1713 459 1774 eundern
483 1713 626 1775 Blasium
649 1711 779 1796 prefatis
815 1711 953 1775 Johanni
985 1710 1136 1794 srenipari
1168 1725 1199 1774 et
1229 1712 1361 1775 domine
1389 1714 1452 1775 Ka·

184 1817 321 1897 therine,
354 1831 449 1902 prout
481 1819 609 1902 ipsimet
640 1839 747 1882 coram
779 1819 874 1881 nobis
905 1819 1083 1881 retulerunt
1112 1818 1190 1900 jam¹
1206 1819 1283 1902 ipsis
1310 1819 1453 1901 plenarie

185 1923 268 1986 datis
291 1937 323 1986 et
345 1925 527 2008 persolutis,
551 1926 770 1989 vendidissent
794 1939 824 1987 et
848 1925 1067 2004 contulissent,
1099 1925 1199 1986 immo
1226 1925 1265 1986 de
1296 1943 1453 1987 consensu

184 2029 367 2092 vicinorum
390 2031 619 2114 predictorum,
636 2032 851 2094 vendiderunt
867 2045 898 2094 et
914 2032 1119 2094 contulerunt
1142 2049 1250 2093 corant
1274 2022 1368 2093 nobis
1386 2031 1453 2092 iure

185 2150 343 2218 perpetuo
354 2151 384 2199 et
399 2137 650 2201 irrevocabiliter
665 2137 1087 2220 tenendam‚possidendam
1096 2138 1212 2220 pariter
1225 2151 1256 2198 et
1271 2135 1453 2199 habendam

185 2260 222 2302 sc
245 2241 333 2304 iuxta
357 2245 583 2307 condicionem
607 2245 743 2307 civitatis
773 2255 941 2327 prenotate
973 2245 1013 2306 ab
1048 2243 1182 2324 antiquo
1214 2243 1455 2325 privilegialiter

186 2349 397 2429 approbatam
421 2350 730 2432 quomodocumque
746 2350 886 2412 voluerit
903 2348 1150 2432 disponendam.
1168 2350 1202 2411 ln
1219 2349 1310 2412 cuius
1325 2349 1370 2411 rei
1388 2369 1453 2410 me·

186 2453 335 2534 moriam,
357 2457 590 2536 testimonium,
613 2455 863 2538 firmitatemque
887 2469 1076 2540 perpetuam
1092 2455 1294 2538 presentibus
1310 2455 1452 2537 sigillum
1542 2469 1545 2478 ·

186 2573 331 2622 nostrum
356 2581 528 2624 commune
552 2559 702 2624 duximus
726 2561 991 2645 impendendum.
1025 2561 1145 2624 Datum
1168 2559 1246 2624 feria
1270 2575 1356 2624 sexta
1380 2581 1453 2644 pro·

186 2666 272 2729 xima
295 2681 369 2730 ante
393 2667 509 2731 lesturn
541 2668 797 2752 Epiphaniarum
829 2668 963 2732 domini.
999 2671 1096 2730 Anno
1128 2668 1252 2730 domini
1280 2668 1454 2730 millesimo

187 2773 449 2855 quingentesimo
473 2775 600 2840 decimo
624 2776 773 2858 septimo.

294 2913 430 2980 Originale
448 2916 475 2967 in
494 2917 653 2968 membrana.
671 2917 694 2967 Α
712 2921 790 2981 tergo
810 2915 953 2981 vestigium
972 2915 1095 2980 impressi
1116 2913 1207 2981 sigilli.
1228 2915 1255 2966 ln
1282 2915 1379 2966 archiv.
1395 2915 1455 2966 luel.

187 3005 285 3055 Accad.
307 3004 400 3058 scient.
420 3002 524 3058 Slavor.
542 3005 633 3058 merid.

780 3286 862 3356 1³7.

294 3447 371 3497 Anno
391 3445 468 3500 1517.
487 3447 530 3500 20.
546 3446 669 3513 januarii.
688 3445 845 3510 Zagrablae.

190 3591 296 3650 Petrus
320 3589 486 3651 Ben'slovil
503 3593 534 3650 in
551 3592 664 3668 judicio
686 3591 791 3649 banali
817 3589 984 3666 Georgium,
1009 3587 1204 3649 marchionem
1235 3588 1454 3648 Brundemlrur·

252 3717 377 3774 gensem,
401 3701 543 3773 ereptione
557 3699 754 3772 possesionem
777 3698 903 3756 civitatis
926 3697 1033 3754 Dedici
1053 3703 1103 3755 etc.
1128 3696 1257 3753 noxium
1262 3694 1389 3770 judicat.

296 3840 364 3900 Nos
389 3839 501 3901 Petrus
525 3839 661 3921 Beryzlo
686 3837 855 3920 episcopus
887 3835 1020 3898 ecclesie
1044 3835 1302 3918 wesprimiensis,
1330 3853 1456 3896 necnon

191 3963 364 4025 regnorum
400 3943 576 4023 Dalmacie,
619 3943 753 4006 Croacie
786 3955 817 4005 et
852 3942 1022 4004 Sclauonie
1059 3943 1171 4003 banus'
1194 3961 1229 4002 ac
1267 3954 1480 4023 capetaneus,
1522 4013 1524 4018 Ι

191 4050 376 4132 segniensis.
402 4051 525 4112 Damus
549 4069 607 4132 pro
632 4049 799 4128 memoria,
825 4047 913 4130 quod
946 4047 1123 4129 Gregorius
1154 4047 1193 4108 de
1225 4047 1368 4129 Mykola,
1399 4065 1457 4128 pro

192 4156 428 4238 circumspectis
452 4156 569 4237 judice,
593 4155 713 4237 juratis,
737 4155 914 4236 ceterisque
939 4155 1061 4215 civibus
1086 4152 1221 4214 civitatis
1241 4151 1361 4214 montis
1378 4149 1458 4213 Gre-

192 4263 294 4324 censis
329 4262 371 4325 de
405 4263 490 4325 iuxta
527 4261 728 4344 Zagrabiam‚
765 4281 838 4322 cum
873 4259 1101 4342 procuratoriis
1136 4258 1248 4320 litteris
1280 4256 1457 4318 eorundem

192 4381 301 4431 contra
333 4369 490 4430 illustrem
513 4382 544 4430 et
567 4366 786 4450 magnificum
819 4366 990 4428 dominum
1026 4363 1203 4446 Georgium
1239 4362 1457 4425 marchionem

193 4474 560 4557 Brandemburgensem,
577 4474 608 4536 in
631 4493 740 4555 quem,
756 4493 812 4555 per
829 4472 1040 4554 adepcionem
1058 4471 1296 4552 possessionum
1314 4467 1458 4552 Dedych,

193 4580 442 4659 Chernomercz,
469 4579 590 4663 Bythelr
615 4593 646 4640 et
670 4580 784 4640 Novak
799 4591 999 4656 vocatarum,
1016 4597 1051 4638 ac
1068 4577 1141 4637 vadi
1160 4576 1325 4658 Kyralrew
1343 4575 1458 4653 vocati,

194 4686 223 4747 in
249 4687 360 4748 fluvvio
385 4687 479 4748 Zawe
516 4685 626 4765 habiti,
658 4705 788 4768 presens
820 4703 913 4746 causa
947 4697 993 4744 est
1024 4681 1238 4744 condescensa
1267 4683 1306 4742 ab
1338 4681 1459 4743 octavis

194 4790 261 4854 sesti
287 4791 542 4874 Epiphaniarum
566 4791 702 4870 domini,
726 4791 871 4872 proxime
895 4789 1050 4872 preteriti,
1073 4787 1248 4870 Zagrabiae
1281 4786 1459 4865 celebratis,

194 4919 244 4959 sex
268 4897 383 4961 diebus
407 4897 567 4960 continuis
591 4898 747 4979 legittime
771 4897 856 4958 stetit
881 4897 912 4957 in
945 4895 1084 4956 termino
1118 4913 1224 4956 coram
1259 4893 1370 4970 nobis;
1403 4892 1458 4974 qui

195 5004 277 5068 iuxta
302 5004 521 5068 continencias
545 5004 720 5066 litterarum
754 5001 946 5064 serenissimi
979 5000 1131 5082 principis
1163 4999 1301 5061 condam
1334 4997 1457 5060 domini
