3732 5802
354 519 396 580 74
794 504 865 563 Dor.
882 517 931 580 70.
958 537 995 545 -
1021 506 1077 563 Ar.
1098 516 1189 582 1509.

354 730 528 808 communi,
546 730 749 792 vendidimus
771 745 802 793 et
825 732 1019 794 contulimus
1042 733 1110 814 jure
1134 749 1289 816 perpetuo
1313 748 1345 796 et
1366 735 1620 798 irrevocabiliter

354 835 539 915 tenendum,
563 836 794 918 possidendum
818 838 934 919 pariter
958 852 988 900 et
1011 839 1197 902 habendum
1222 861 1256 901 ac
1281 841 1366 902 iuxta
1391 842 1619 904 condicionem

354 942 489 1002 civitatis
513 955 676 1023 prenotate
701 945 741 1004 ab
765 944 898 1024 antiquo
916 945 1157 1028 privilegialiter
1173 949 1393 1028 approbatam,
1410 968 1620 1030 quocumque

354 1047 490 1109 voluerit
521 1047 768 1129 disponendum.
798 1049 831 1110 ln
857 1050 947 1110 cuius
970 1050 1015 1111 rei
1037 1052 1237 1130 memoriam,
1261 1052 1492 1132 testimonium,
1516 1053 1617 1116 firmi·

354 1167 516 1234 ratemque
540 1169 726 1238 perpetuam
750 1170 912 1238 presentes
936 1157 1054 1218 litteras
1077 1157 1185 1238 sigillo
1209 1172 1318 1219 nostro
1339 1160 1505 1220 communi
1523 1162 1620 1222 robo-

355 1273 437 1322 ratas
476 1260 580 1321 eidem
619 1261 768 1324 duximus
803 1262 1033 1324 concedendas.
1066 1263 1184 1324 Datum
1220 1262 1298 1326 leria
1332 1263 1430 1325 tercia
1465 1264 1497 1324 in
1534 1265 1618 1328 festo

354 1366 567 1447 apparitionis
605 1367 703 1428 sancti
737 1367 901 1430 Michaelis
933 1369 1124 1449 archangeli.
1156 1372 1252 1430 Anno
1284 1369 1408 1430 domini
1442 1370 1620 1434 millesimo

356 1471 614 1552 quingentesimo
639 1492 737 1534 nono.

461 1613 595 1678 originale
621 1614 647 1664 ln
673 1617 829 1667 menbrana.
855 1613 929 1665 Zona
952 1616 1034 1666 rubea
1057 1615 1161 1666 sericea
1185 1616 1317 1680 appendet
1345 1617 1447 1679 absque
1472 1615 1573 1680 sigillo.
1594 1615 1623 1666 lu

356 1701 456 1752 archiv.
476 1702 536 1755 incl.
555 1701 650 1754 hccad.
669 1701 758 1754 Scieut
786 1701 889 1755 Slavor.
909 1703 1000 1754 merid.

968 1953 1031 2018 to.

462 2094 536 2144 Auno
560 2095 633 2159 1509,
655 2096 694 2145 16.
714 2094 783 2146 maii.
802 2093 957 2160 Zagrablae.

362 2221 465 2278 &ram
496 2223 696 2280 communitate
718 2222 843 2279 civitatis
867 2222 1008 2278 Jl'r'colaus
1040 2201 1190 2290 Carlovir,
1217 2221 1352 2292 Thermae,
1378 2221 1478 2295 fratri
1511 2239 1568 2279 suo
1598 2229 1630 2278 et

404 2327 591 2402 Gathar-ritae,
617 2329 744 2386 consorti
763 2346 844 2397 suae,
860 2327 989 2402 fantium
1012 2345 1096 2385 suum
1119 2328 1258 2384 desertum
1274 2341 1300 2402 3
1315 2327 1355 2400 st.
1372 2328 1447 2385 artri
1467 2327 1572 2386 vrrulr't.

456 2467 529 2528 'Nos
561 2467 725 2528 Emericus
758 2465 951 2549 Mykwlych,
984 2465 1067 2527 lilius
1099 2465 1265 2544 Demetrii,
1297 2464 1404 2546 judex,
1430 2465 1626 2547 Stephanus,

358 2573 492 2651 Blasius,
517 2572 686 2655 Georgius,
709 2573 856 2652 Mathias,
877 2572 1048 2650 lohannes,
1066 2571 1190 2650 Simon,
1208 2571 1397 2632 Valentinus
1421 2585 1452 2634 et
1469 2571 1627 2633 Nicolaus

357 2679 460 2759 jurati,
478 2692 508 2740 et
532 2679 704 2742 consiliarii
729 2699 764 2740 ac
785 2679 923 2740 universi
946 2679 1030 2739 cives
1055 2677 1190 2738 civitatis
1214 2677 1333 2738 montis
1358 2676 1537 2739 Grecensis.
1557 2677 1627 2738 hle-

358 2785 459 2846 morie
484 2785 747 2846 commendamus
771 2799 881 2846 tenore
902 2783 1102 2866 presencium
1119 2781 1343 2864 significantes,
1361 2783 1479 2864 quibus
1494 2783 1628 2865 expedit

358 2891 523 2954 universis.
556 2891 654 2965 Quod
686 2893 733 2952 vir
763 2891 916 2974 providus
940 2891 1092 2952 Nicolaus
1123 2903 1224 2950 suttor
1248 2889 1479 2971 Chawlowych
1508 2889 1627 2969 dictus,

358 2997 398 3057 ad
429 3011 569 3058 nostram
594 2997 803 3081 personaliter
827 2998 958 3058 veniens
980 2995 1189 3078 presenciam,
1214 2993 1377 3056 confessus
1400 3008 1447 3056 est
1482 2995 1514 3056 in
1539 2995 1627 3057 hunc

358 3102 509 3164 modurn:
546 3118 580 3165 ut
615 3105 681 3186 ipse
714 3103 877 3185 quoddam
914 3102 1051 3164 fundum
1083 3121 1176 3163 suurn
1206 3102 1367 3162 desertum
1399 3101 1431 3162 in
1461 3101 1627 3162 territorio

359 3223 467 3270 nostro
499 3230 555 3272 seu
587 3211 721 3272 civitatis
754 3208 875 3292 prefate
906 3209 937 3270 in
970 3210 1073 3290 platea
1106 3227 1163 3268 seu
1195 3207 1226 3268 in
1252 3207 1323 3268 vico
1347 3221 1516 3286 suttotum,
1542 3207 1628 3268 iuter

358 3314 454 3376 aliam
488 3316 621 3377 domum
656 3337 673 3377 a
709 3315 912 3378 meridionali
948 3328 1036 3396 parte
1068 3313 1194 3374 Nicolai
1227 3313 1356 3375 suttoris
1391 3312 1627 3395 Chawlovvych

359 3421 487 3500 dicti,a
519 3423 770 3504 septemtrionali
795 3441 869 3483 vero
894 3435 981 3503 parte
1006 3419 1122 3480 domus
1146 3419 1301 3480 heredum
1325 3439 1382 3480 seu
1404 3437 1628 3480 successorum

360 3529 495 3590 condam
528 3528 675 3609 Gregorii
701 3529 822 3590 Pethko
846 3528 961 3605 vocati,
985 3525 1167 3588 concivium
1192 3541 1385 3603 nostrorum,
1409 3527 1450 3586 ab
1474 3525 1627 3588 orientali

359 3647 446 3716 parte
478 3635 581 3716 platea
611 3635 802 3714 communis,
825 3636 864 3696 ab
889 3633 1078 3695 occidentali
1102 3646 1190 3714 parte
1213 3631 1348 3713 quidam
1372 3631 1527 3692 orticulus
1552 3632 1626 3694 Elie

362 3740 611 3824 Saphranychyn
636 3741 722 3819 dicti,
743 3741 889 3802 similiter
912 3739 1052 3800 concivis
1076 3739 1174 3800 nostri
1198 3738 1343 3799 habitum
1367 3758 1403 3797 ex
1426 3737 1628 3816 existentem,

361 3846 501 3907 mediam
531 3847 756 3908 tantummodo
787 3847 908 3908 curiam
940 3845 980 3906 ad
1013 3863 1106 3905 usum
1138 3844 1220 3905 dicte
1249 3843 1384 3905 civitatis
1409 3843 1441 3903 in
1466 3863 1499 3904 se
1523 3843 1629 3903 conti.

361 3966 501 4030 nentem,
533 3953 637 4034 ipsum
673 3952 793 4012 scilicet
825 3951 995 4012 Nicolaum
1028 3963 1182 4012 suttorem
1215 3951 1255 4012 ab
1288 3948 1418 4010 Andrea
1451 3949 1628 4030 Rybarych

361 4057 538 4138 empcionis
572 4057 666 4118 titulo
703 4057 874 4118 literatorie
906 4070 1163 4134 concernentem,
1194 4069 1290 4137 prout
1321 4054 1381 4116 hoc
1415 4054 1447 4115 in
1483 4053 1628 4135 quadam

363 4163 465 4225 littera
501 4179 606 4225 nostra
642 4184 698 4225 seu
733 4163 868 4225 civitatis
901 4163 1021 4244 prefate
1053 4162 1257 4244 privilegiali,
1287 4175 1433 4244 tempore
1466 4159 1630 4220 iudicatus

364 4266 522 4349 Gregorii,
554 4269 611 4330 filii
643 4268 782 4346 Andree,
814 4269 853 4330 de
884 4288 969 4330 anno
1003 4268 1127 4330 domini
1161 4265 1629 4348 millesimouquingentesimo

363 4386 485 4452 octavo,
503 4377 684 4457 nuperrime
710 4375 875 4457 preteritis,
892 4395 950 4457 pro
974 4388 1061 4457 parte
1086 4374 1186 4457 ipsius
1207 4373 1332 4435 Nicolai
1355 4369 1525 4455 superinde
1551 4389 1631 4431 con-

364 4475 443 4537 lecta
475 4493 504 4540 ct
535 4495 691 4558 emanata,
714 4501 749 4542 ac
783 4500 890 4541 coram
925 4481 1017 4542 nobis
1049 4481 1080 4541 in
1114 4479 1219 4561 specie
1252 4479 1407 4561 producta
1437 4491 1468 4538 et
1492 4476 1630 4537 demon-

365 4595 458 4643 strata
482 4585 541 4643 tide
571 4606 713 4667 expresse
747 4587 886 4648 vidimus
915 4587 1070 4648 contineri
1095 4585 1232 4663 oculata,
1254 4585 1351 4647 simul
1379 4604 1452 4646 curn
1474 4583 1633 4644 omnibus

365 4686 506 4748 eiusdem
539 4689 628 4752 fundi
660 4693 774 4753 deserti
807 4693 1006 4770 utilitatibus,
1030 4691 1163 4772 juribus,
1188 4692 1308 4770 usibus,
1334 4689 1569 4771 integritatibus
1599 4701 1632 4749 et

365 4791 567 4870 pertinenciis
591 4797 745 4857 universis
770 4799 837 4858 viro
862 4797 997 4880 provido
1022 4797 1150 4860 Thome
1176 4797 1299 4874 suttori,
1317 4795 1404 4857 fratri
1429 4813 1487 4856 suo
1508 4794 1633 4856 carnali

366 4914 401 4954 ac
419 4895 589 4958 Catharine
611 4903 747 4962 consorti
772 4921 838 4979 sue,
856 4915 886 4962 et
909 4922 965 4983 per
991 4922 1045 4964 eos
1070 4903 1168 4984 ipsius
1191 4901 1375 4980 heredibus,
1394 4915 1428 4961 ut
1454 4900 1519 4961 iam
1535 4900 1635 4960 novis

367 5001 549 5062 concivibus
573 5006 696 5084 nostris,
713 5027 770 5088 pro
791 5007 891 5068 tribus
908 5009 1035 5072 florenis
1052 5009 1131 5090 auri,
1149 5009 1195 5072 uti
1212 5008 1298 5070 idem
1315 5005 1457 5092 prelatus
1474 5005 1635 5068 Nicolaus
