3808 5792
576 575 648 634 Dor.
673 584 740 650 145,
767 569 837 650 146.
862 607 903 616 -
927 573 985 633 An.
1010 584 1093 649 1517.
1412 573 1468 654 183

205 797 279 859 dem
302 786 385 860 bene
410 811 441 860 et
464 797 599 862 feliciter
622 801 728 862 valere
754 815 913 883 optamus.
938 800 1056 862 Datum
1074 800 1105 861 in
1131 799 1211 862 festo
1236 802 1320 862 beati
1344 805 1469 883 Augus-

203 905 263 966 tini
288 905 438 967 doctoris.
463 911 559 968 Anno
590 927 623 987 15
651 929 681 991 7.

734 995 923 1078 Capitulum
947 995 1081 1058 ecclesie
1105 995 1330 1077 zagrabiensis.

312 1099 345 1165 (¹l
365 1100 465 1164 tergo.)
491 1102 632 1184 Egregio
656 1103 790 1164 domino
814 1102 950 1164 Nicolao
975 1102 1015 1164 de
1039 1100 1166 1163 Zencbe
1198 1115 1256 1164 etc.
1281 1102 1415 1164 domino
1440 1114 1470 1164 et

205 1208 310 1269 amico
334 1207 536 1270 honorando.

311 1328 446 1393 originale
466 1330 492 1382 in
512 1331 611 1382 charta.
632 1330 660 1382 ln
679 1330 776 1382 archiv.
796 1327 890 1382 honor.
912 1331 1010 1396 colleg.
1030 1331 1205 1383 Praebendar.

796 1611 879 1678 145.

310 1773 383 1822 Anno
405 1771 480 1824 1⁵17.
503 1771 541 1823 15.
561 1771 730 1835 septembris.
750 1769 890 1836 Zagrable.

203 1915 232 1971 Α
254 1917 378 1988 capitulo
401 1917 590 1995 zagrabiensi
611 1917 759 1991 parochia
782 1915 964 1976 Resnicensr's
986 1917 1029 1973 ad
1048 1917 1168 1974 Parum
1188 1915 1286 1988 Ripa?
1305 1914 1470 1970 canonr'cum

548 2024 717 2097 quibusdam
740 2024 948 2082 condicionibus
969 2025 1127 2098 confertur.

316 2179 386 2260 Ego
410 2180 561 2262 magister
584 2181 696 2242 Petrus
719 2179 759 2242 de
776 2178 921 2262 Rypach,
939 2179 1111 2241 canonicus
1127 2178 1222 2240 buius
1238 2177 1322 2239 alme
1338 2175 1470 2237 ecclesie

204 2285 421 2365 zagrabiensis
444 2301 558 2348 notum
583 2286 665 2348 facio
690 2305 746 2368 per
763 2299 935 2367 presentes,
953 2285 1041 2367 quod
1058 2285 1134 2365 quia
1150 2283 1317 2346 reverendi
1335 2280 1470 2359 domini,

206 2392 383 2473 capitulum
408 2393 540 2456 ecclesie
565 2393 782 2474 zagrebiensis
804 2392 956 2474 predicte,
973 2392 1018 2454 illi
1037 2390 1260 2473 resignacioni,
1277 2407 1375 2470 quam
1391 2385 1469 2448 mibi

207 2496 408 2560 honorabilis
442 2499 594 2562 dominus
628 2500 784 2561 Martinus
819 2499 975 2580 presbiter
1009 2497 1049 2560 de
1093 2498 1226 2579 Reznyk
1257 2495 1342 2572 fecit,
1376 2511 1470 2554 suum

205 2605 388 2685 graciosum
411 2607 445 2668 iu
469 2605 612 2668 favorem
636 2607 700 2668 mei
726 2608 923 2688 prebuerunt
947 2624 1138 2667 consensum
1159 2617 1190 2665 et
1212 2619 1395 2676 assensum3
1413 2617 1470 2680 pro

205 2731 244 2774 eo
268 2712 472 2793 capellanum
496 2713 650 2776 idoneum
675 2713 715 2776 de
743 2714 846 2774 littera
863 2713 962 2774 latins
980 2712 1011 2773 in
1036 2710 1149 2772 eadem
1173 2708 1323 2792 plebanis
1349 2719 1470 2784 tenere,

205 2816 405 2899 domumque
428 2832 458 2880 et
480 2820 691 2902 proprietates
716 2817 860 2882 eiusdem
885 2818 1032 2900 plebanis
1064 2835 1255 2898 promovere
1285 2827 1316 2876 et
1339 2832 1469 2894 recupe-

202 2943 272 2985 rare
296 2945 332 2985 ac
356 2925 388 2985 in
413 2925 525 2988 eadem
551 2925 674 2987 nullam
698 2937 877 3006 suspectam
903 2943 1073 3006 personam
1097 2941 1223 2984 servare
1247 2919 1410 3003 promitto.
1436 2917 1469 2978 ln

207 3051 280 3092 casu
305 3051 381 3092 vero
405 3051 471 3113 quo
494 3033 664 3114 premissas
700 3031 901 3093 conditiones
934 3043 988 3092 aut
1023 3049 1133 3091 earum
1157 3028 1289 3090 alteram
1317 3045 1383 3086 non
1407 3043 1469 3084 ser·

204 3157 324 3215 varem,
349 3137 425 3199 dicti
450 3138 573 3200 domini
598 3139 775 3220 capitulum
799 3157 838 3199 eo
863 3136 947 3198 facto
972 3136 1155 3219 plebaniam
1176 3133 1352 3216 predictam
1376 3151 1394 3191 a
1418 3149 1469 3192 me

203 3243 344 3325 recipere
368 3256 399 3305 et
423 3245 474 3308 cui
499 3245 670 3308 maluerint
692 3243 836 3306 conferre
858 3244 990 3325 possint,
1017 3261 1157 3324 quorum
1187 3238 1344 3302 voluntati
1368 3237 1469 3298 liben-

203 3363 250 3409 ter
274 3351 396 3431 absque
420 3351 510 3412 omni
534 3351 801 3433 tergiversatione
825 3349 947 3412 cedam.
968 3349 1087 3411 Datum
1111 3349 1145 3411 in
1161 3359 1274 3410 octava
1297 3341 1470 3406 nativitatis

207 3456 316 3517 Marie.
340 3461 436 3518 Anno
477 3479 568 3542 15¹7·
592 3493 635 3504 -

312 3563 382 3644 Ego
407 3565 558 3645 magister
580 3566 693 3627 Petrus
717 3563 861 3649 Rypach,
885 3565 941 3646 qui
965 3583 1071 3646 supra,
1096 3561 1277 3644 subscripsi.

310 3685 425 3738 Rubrum
446 3689 600 3754 capitulare.
624 3687 653 3742 In
677 3688 772 3741 archiv.
793 3688 852 3740 incl.
879 3689 961 3740 brad.
980 3687 1074 3738 scient.
1094 3685 1196 3738 Slavor.
1217 3685 1308 3736 merid.
1327 3689 1362 3736 ut.
1382 3697 1470 3748 supra.

801 3965 882 4032 146.

310 4121 383 4172 Anno
406 4121 480 4172 1⁵17.
501 4122 542 4174 31.
562 4119 690 4172 octobris.
710 4117 866 4184 Zagrabiae.

202 4267 231 4322 A
253 4267 379 4338 capitulo
396 4266 580 4338 zagrabr'ensi
593 4265 691 4322 (lomus
713 4266 743 4320 in
767 4265 933 4336 Opotovina
948 4265 1015 4332 sita,
1033 4280 1121 4336 quam
1128 4263 1298 4334 propositus
1313 4279 1335 4322 s.
1349 4261 1471 4318 Mariae

202 4379 340 4445 occupare
374 4372 471 4441 voluit,
505 4371 657 4428 altarislac
679 4389 701 4428 s.
726 4369 856 4426 Emerice'
884 4370 914 4424 in
946 4352 1058 4425 ecclesia
1092 4366 1254 4425 cathedrali
1273 4367 1469 4442 arls'udr'catur.

311 4508 498 4591 Capitulum
524 4510 656 4571 ecclesie
688 4508 912 4590 zagrabiensis.
939 4506 1095 4568 Memoris
1128 4505 1394 4568 commendamus
1424 4517 1469 4566 te·

202 4636 280 4677 nore
306 4617 504 4697 presencium
529 4614 743 4696 significantes
766 4614 884 4695 quibus
919 4613 1047 4694 expedit
1070 4612 1237 4674 universis.
1256 4612 1341 4686 Quia
1365 4611 1468 4672 hono-

203 4722 313 4782 rabilis
337 4721 489 4782 dominus
505 4722 686 4783 Demetrius
702 4720 881 4802 prepositus
898 4720 989 4782 beate
1006 4719 1138 4800 virginis
1155 4718 1195 4780 da
1211 4738 1283 4780 area
1296 4717 1467 4800 'capitulari

204 4827 403 4908 zagrabiensi
428 4827 555 4889 cuidam
580 4827 802 4888 elemosinarie
828 4826 1011 4902 donacioni,
1028 4825 1245 4906 inscripcioni,
1261 4825 1376 4907 partim
1393 4843 1469 4885 vero

204 4933 388 4995 vendicioni
414 4946 444 4994 et
468 4933 706 5015 perpetuacioni
731 4953 768 4993 ex
793 4946 880 5014 parte
905 4932 1020 4993 domus
1044 4931 1264 5015 circumspecti
1297 4930 1387 4992 Pauli
1420 4933 1469 4993 lit-

203 5039 306 5117 terati,
331 5038 476 5119 ligatoris
499 5039 655 5100 librorum
680 5059 715 5100 ac
740 5039 870 5100 domine
896 5039 1041 5100 Elizabet
1065 5040 1220 5102 consortis
1245 5039 1388 5100 eiusdem
1413 5058 1470 5121 per
