3900 5804
452 528 516 590 294
877 509 995 567 Statuta
1019 509 1311 569 praebendarum.

451 740 522 802 talis
546 760 612 801 non
637 740 872 822 obtemperans,
897 738 1059 800 consortio
1084 751 1193 800 nostro
1217 757 1252 800 ac
1269 737 1365 800 etiam
1388 738 1596 821 proventibus
1612 758 1710 819 usque

452 847 492 910 ad
525 847 763 930 beneplacitum
795 861 941 909 nostrum
973 846 1051 908 sciat
1081 865 1114 908 se
1149 846 1341 928 privacionis
1374 865 1490 930 penam
1526 845 1596 928 ipso
1630 842 1711 905 lacto

452 955 665 1017 incursurum.

558 1150 609 1208 De
630 1151 793 1209 aeramento
815 1149 917 1206 decani
935 1149 1022 1209 electi.

559 1289 647 1369 Item,
672 1290 760 1372 quod
795 1290 901 1352 statim
935 1303 965 1352 et
1000 1289 1185 1352 immediate
1220 1301 1292 1372 post
1322 1288 1492 1352 lectionem
1529 1286 1713 1349 huiusmodi

453 1397 530 1458 novi
555 1395 679 1476 decani,
708 1397 794 1458 idem
832 1396 983 1458 dominus
1019 1395 1159 1470 decanus
1194 1396 1323 1474 electus,
1358 1396 1452 1458 nobis
1486 1414 1523 1456 ex
1559 1393 1713 1455 laudabili

453 1502 695 1581 consvetudine,
719 1502 987 1583 ordinationeque
1004 1515 1122 1582 nostra,
1139 1503 1228 1564 tactis
1244 1501 1451 1564 sacrosanctis
1464 1500 1514 1562 dei
1530 1499 1714 1580 ewangeliis

453 1622 484 1671 et
507 1610 707 1691 presentibus
730 1609 846 1672 nostris
870 1610 1004 1688 statutis,
1030 1609 1245 1670 iuramentum
1269 1609 1328 1670 sub
1361 1608 1419 1670 hac
1450 1607 1553 1670 forma
1577 1617 1714 1688 prestare

454 1714 593 1777 debebit.

555 1861 664 1917 Fama
687 1859 844 1916 iuramenti
863 1857 1028 1918 decanatus.

560 1998 630 2079 Ego
655 1998 694 2059 N.
719 1996 858 2058 decanus
881 1995 1089 2058 dominorum
1113 1996 1398 2080 prebendariorum
1430 1996 1524 2058 huius
1558 1997 1642 2058 alme
1665 2015 1714 2056 ec-

454 2105 550 2168 clesie
574 2103 799 2185 zagrabiensis,
825 2103 896 2164 iuro
921 2115 952 2164 et
974 2104 1140 2185 promitt0,
1158 2103 1245 2184 quod
1262 2102 1398 2164 fideliter
1414 2102 1643 2164 administrabo
1660 2119 1715 2183 per

454 2231 505 2273 me
530 2211 659 2272 inventa
693 2223 724 2271 et
747 2209 897 2271 solertem
921 2230 1029 2271 curam
1054 2209 1214 2271 adhibebo
1238 2210 1270 2270 in
1295 2210 1496 2292 procuranda
1527 2209 1660 2271 utilitate
1685 2221 1715 2268 et

454 2327 629 2398 augmento
653 2315 753 2398 ipsius
776 2314 1053 2393 confraternitatis,
1078 2327 1110 2376 et
1139 2316 1227 2396 quod
1255 2314 1392 2377 fideliter
1423 2317 1619 2378 conservabo
1649 2327 1713 2374 tam

454 2422 562 2484 oblata
586 2440 683 2502 quarn
707 2421 862 2502 acquisita
879 2421 930 2483 vel
954 2421 1062 2483 relicta
1080 2421 1185 2482 eidem
1210 2420 1478 2496 confraternitati;
1502 2422 1546 2482 sic
1570 2440 1621 2482 me
1638 2420 1715 2482 deus

454 2527 584 2590 adiuvet
607 2540 638 2588 et
660 2526 719 2587 hec
743 2539 850 2588 sancta
874 2527 925 2588 dei
950 2528 1137 2610 ewangelia.

561 2724 669 2782 Forma
692 2725 850 2782 iuramenti
871 2725 1047 2782 novellorum
1070 2723 1342 2784 Prehendariorum.

561 2863 632 2946 Ego
656 2864 695 2927 N.
720 2864 758 2926 de
782 2864 849 2944 tali,
872 2863 1103 2946 prebendarius
1126 2865 1214 2927 chori
1239 2865 1332 2926 huius
1355 2867 1436 2928 alme
1453 2865 1584 2928 ecclesie
1608 2885 1714 2946 zagra·

456 2969 584 3049 biensis,
609 2971 679 3031 iuro
707 2983 738 3032 et
766 2970 930 3052 promitto,
963 2970 1103 3032 dominis
1136 2985 1166 3033 et
1201 2970 1349 3033 fratribus
1385 2973 1464 3033 meis
1499 2971 1716 3054 prebendariis

455 3076 596 3159 predicte
622 3076 753 3137 ecclesie
777 3077 1001 3156 zagrabiensis,
1034 3076 1231 3156 fidelitatem,
1262 3079 1510 3160 promotionem,
1542 3078 1715 3160 procurati·

455 3201 563 3260 onem,
587 3195 705 3243 secreta
730 3182 843 3260 celare,
867 3195 994 3260 statuta,
1018 3183 1277 3264 constituciones,
1311 3184 1553 3265 laudabilesque
1585 3205 1715 3246 consve-

455 3287 583 3350 tudines
607 3289 750 3369 ipsorum
786 3287 917 3349 firmiter
941 3290 1122 3367 observare,
1146 3289 1288 3352 debitam
1312 3291 1526 3352 reverenciam
1551 3303 1582 3351 et
1605 3290 1714 3351 obedi-

455 3394 580 3456 enciam
604 3393 725 3455 eisdem
749 3393 889 3454 dominis
913 3407 944 3455 et
967 3393 1116 3456 fratribus
1139 3396 1220 3457 meis
1242 3397 1273 3456 in
1299 3397 1392 3457 rebus
1409 3396 1502 3458 licitis
1527 3409 1558 3458 et
1574 3395 1715 3457 honestis

456 3499 623 3576 exhibere;
647 3501 690 3561 sic
715 3519 766 3561 me
790 3499 869 3561 deus
892 3499 1023 3561 adiuvet
1046 3514 1077 3562 et
1100 3499 1158 3562 hec
1182 3515 1289 3562 sancta
1314 3501 1364 3562 dei
1389 3501 1576 3583 evangelia.

560 3697 610 3754 De
632 3697 744 3753 rotrone
765 3696 908 3753 rediendo
927 3705 983 3770 per
1003 3693 1143 3754 decanum
1166 3715 1218 3754 suo
1239 3699 1402 3759 successori.

561 3818 731 3896 Volumus,
757 3829 791 3879 ut
814 3837 917 3880 novus
941 3818 1060 3881 electus
1093 3818 1232 3882 decanus
1255 3835 1361 3882 noster
1392 3821 1549 3883 adiunctis
1572 3822 1631 3882 sibi
1656 3822 1714 3904 ipsi

457 3938 607 4007 quattuor
631 3925 810 3986 senioribus
833 3938 864 3986 et
887 3925 1071 4007 pocioribus
1095 3924 1244 3987 fratribus
1275 3939 1419 3988 teneatur
1450 3927 1589 4010 recipere
1622 3928 1714 3989 ratio·

458 4050 533 4093 nem
567 4031 786 4112 plenariama
817 4051 876 4092 suo
907 4031 1131 4113 predecessore
1164 4031 1285 4094 decano
1320 4032 1359 4093 de
1394 4033 1545 4094 omnibus
1581 4033 1715 4112 donatis,

456 4136 579 4218 legatis,
602 4135 718 4198 oblatis
742 4151 772 4199 et
796 4137 1073 4218 qualitercumque
1097 4138 1270 4219 acquisitis,
1287 4139 1446 4219 rebusque
1467 4138 1537 4199 aliis
1561 4139 1715 4200 universis

457 4242 585 4324 collegii
609 4261 666 4303 seu
700 4243 800 4324 ipsius
834 4241 1102 4304 confraternitatis
1125 4258 1242 4323 nostre,
1274 4257 1304 4306 et
1333 4245 1502 4328 registrum
1533 4244 1648 4324 facere,
1677 4266 1716 4307 ne

457 4349 630 4430 quicquam
656 4367 712 4429 per
747 4348 982 4430 negligenciam
1017 4349 1152 4411 alicuius
1185 4351 1380 4414 ommitatur.
1417 4351 1492 4425 Quo
1527 4352 1649 4434 etipse
1684 4352 1714 4412 in

457 4455 635 4517 mutatione
658 4455 706 4515 sui
731 4453 841 4534 officii,
865 4475 923 4516 suo
947 4457 1120 4518 successori
1143 4457 1247 4518 valeat
1270 4456 1372 4518 facere
1397 4471 1427 4519 et
1451 4457 1525 4519 dare
1542 4477 1580 4518 ex
1598 4479 1630 4519 se
1647 4459 1715 4540 ipso

456 4561 633 4643 plenariam
657 4573 688 4622 et
711 4561 932 4622 omnimodam
956 4561 1123 4626 rationem.

562 4757 613 4814 De
635 4757 796 4814 iuramento
819 4758 994 4814 novellorum
1022 4757 1296 4817 Prcbendartirrum.

564 4876 640 4937 Item
667 4877 752 4938 iuxta
777 4892 807 4938 et
838 4878 1015 4941 secundum
1047 4879 1242 4941 laudabilem
1277 4893 1307 4942 et
1338 4881 1536 4942 observatam
1575 4897 1716 4944 nostram

459 4983 735 5063 consvetudinem,
752 5003 865 5046 omnes
881 4985 1005 5047 domini
1029 4986 1150 5048 novelli
1169 4986 1385 5067 Prebendarii,
1401 4987 1518 5068 quibus
1535 4987 1714 5050 dominium
