3808 5792
661 531 734 592 Doc.
758 529 829 606 176.
853 564 895 574 —
918 531 977 592 An.
1001 542 1088 608 1523.
1446 552 1506 614 223

242 754 416 815 universis:
442 754 530 836 quod
555 755 674 817 nobilis
698 756 746 817 vir
770 756 930 839 Georgius
959 758 1193 842 Zowynowyth
1225 759 1339 839 dictus,
1369 761 1509 823 concivis

242 873 349 920 noster
372 880 408 921 ac
432 860 564 922 domina
589 860 742 923 Chaucha
767 881 898 925 consors
916 863 1060 925 eiusdem
1084 865 1125 926 ad
1142 877 1283 928 nostram
1299 867 1509 950 personaliter

242 965 407 1027 venientes
431 968 630 1048 presenciam
654 981 768 1050 sponte
792 981 823 1029 et
858 969 957 1031 libere
982 967 1054 1032 lassi
1086 983 1160 1032 sunt
1183 971 1215 1032 in
1247 971 1331 1034 hunc
1355 972 1508 1034 modum:

243 1071 331 1151 quod
356 1071 416 1152 ipsi
441 1072 616 1152 quamdam
641 1071 775 1134 domum
800 1088 958 1138 muratam
982 1077 1146 1138 ruinosam
1170 1092 1200 1138 et
1224 1077 1370 1140 nondum
1396 1099 1509 1141 consu-

243 1189 361 1240 matum
386 1177 529 1260 ipsorum
555 1179 586 1240 in
610 1177 730 1261 prelata
754 1180 881 1242 civitate
905 1180 1059 1261 habitam,
1077 1181 1160 1244 inter
1185 1183 1319 1246 domum
1344 1185 1509 1266 prudentis

243 1294 274 1344 et
298 1283 519 1366 circumspecti
543 1285 602 1347 viri
627 1286 764 1348 Emerici
790 1286 930 1368 litterati,
948 1289 1083 1351 senioris
1099 1289 1214 1371 judicis
1239 1304 1269 1352 et
1293 1292 1435 1354 concivis
1451 1312 1509 1354 no·

243 1388 358 1451 striae
383 1391 486 1452 curias
509 1391 665 1453 heredum
696 1413 753 1454 seu
784 1413 1003 1458 successorum
1039 1395 1176 1458 condam
1209 1396 1364 1458 Johannis
1395 1398 1509 1481 Soldy·

243 1496 362 1578 narych
386 1497 466 1559 olim
490 1499 624 1560 senioris
645 1498 760 1580 judicis
775 1513 806 1560 et
822 1501 962 1562 concivis
978 1503 1078 1563 nostri
1095 1522 1131 1564 ac
1148 1502 1313 1584 prudentis
1329 1517 1360 1566 et
1376 1505 1509 1566 circum-

243 1603 343 1683 specti
364 1603 424 1666 viri
449 1603 616 1666 Michaelis
641 1603 846 1688 Opprasnyth
871 1606 1019 1668 similiter
1034 1609 1169 1670 senioris
1190 1607 1305 1688 judicis
1322 1623 1353 1672 et
1369 1610 1510 1672 concivis

244 1710 343 1771 nostri
369 1731 386 1772 a
409 1709 613 1772 meridionali
631 1723 719 1793 parte
743 1725 775 1773 et
792 1712 875 1773 inter
898 1713 995 1774 aliam
1020 1714 1154 1776 domum
1179 1729 1348 1794 muratam,
1364 1716 1511 1778 similiter

245 1815 409 1877 ruinosam
433 1817 552 1878 nobilis
575 1817 635 1878 viri
661 1816 792 1898 Georgii
825 1818 1061 1902 Dobrowolyth
1086 1819 1162 1882 dicti
1194 1833 1225 1882 et
1255 1821 1386 1882 domine
1417 1826 1511 1883 Anne

246 1922 401 1984 consortis
424 1942 490 2003 sue,
515 1924 626 2004 generi
650 1943 727 1986 vero
755 1924 874 1986 nobilis
899 1938 930 1986 et
954 1925 1174 2009 circumspecti
1205 1927 1264 1988 viri
1298 1927 1427 1990 Sowani
1453 1928 1511 1988 Pa·

245 2028 338 2088 storis
360 2029 508 2090 similiter
537 2030 672 2091 senioris
703 2029 818 2112 judicis
847 2044 879 2092 et
902 2031 1044 2094 concivis
1075 2033 1175 2094 nostri
1209 2053 1226 2094 a
1258 2032 1510 2116 septemtrionali

245 2147 345 2215 parte,
369 2136 409 2196 ab
433 2135 625 2198 occidentali
650 2150 681 2198 et
713 2137 860 2198 orientali
893 2157 969 2200 vero
1001 2139 1144 2220 partibus
1175 2140 1281 2222 platee
1312 2159 1511 2220 communes,

246 2239 388 2302 habitam
412 2255 443 2302 et
467 2241 667 2322 existentem,
690 2263 789 2304 unam
813 2244 971 2327 integram
996 2245 1118 2307 curiam
1142 2246 1182 2308 ad
1208 2266 1302 2308 usum
1327 2246 1410 2308 dicte
1435 2247 1511 2310 civi·

246 2345 319 2407 tatis
342 2347 374 2407 in
397 2365 430 2408 se
454 2347 684 2427 continentem,
717 2349 823 2431 ipsum
854 2350 975 2412 scilicet
1011 2351 1189 2432 Georgium
1223 2350 1463 2435 Zowynowych
1494 2371 1512 2414 a

247 2451 370 2534 prelato
394 2453 529 2516 domino
554 2455 695 2516 Sowano
720 2456 860 2536 Pastore,
878 2477 989 2519 socero
1016 2477 1075 2520 suo
1099 2459 1141 2520 ob
1166 2478 1310 2520 amorem
1333 2459 1513 2540 coniugalis

247 2558 429 2621 dilectionis
451 2559 571 2642 prefate
597 2561 729 2622 domine
753 2562 907 2624 Chauche
930 2563 995 2625 filie
1018 2584 1074 2626 sue
1099 2564 1287 2626 donacionis
1310 2565 1405 2626 titulo
1429 2565 1512 2627 litte-

248 2666 363 2728 ratorie
388 2679 644 2746 concernentem,
669 2667 765 2729 simul
789 2688 863 2730 cum
886 2670 1039 2731 omnibus
1070 2667 1214 2733 eiusdem
1239 2670 1356 2733 domus
1390 2685 1512 2734 mutate

248 2771 376 2832 ruinose
412 2771 613 2851 utilitatibus,
648 2771 781 2854 juribus,
818 2775 939 2852 usibus,
973 2775 1208 2856 integritatibus
1244 2789 1275 2838 et
1307 2777 1513 2858 pertinenciis

249 2877 405 2938 universis
429 2875 553 2958 prelato
578 2878 728 2940 Emerico
752 2879 891 2941 litterato
917 2901 953 2942 ac
977 2901 1132 2963 pereum
1164 2881 1229 2944 suis
1259 2881 1432 2944 heredibus
1454 2903 1513 2965 pro

249 2983 388 3064 quadam
412 2997 494 3045 terra
517 2983 629 3045 arabili
656 2985 800 3066 quinque
825 2985 926 3048 dietas
960 2987 992 3048 in
1026 3008 1059 3049 se
1091 2989 1274 3049 continente
1305 3008 1403 3070 penes
1435 2989 1514 3050 alias

248 3104 347 3152 terras
370 3089 484 3172 prelati
509 3090 648 3152 Emerici
673 3091 802 3152 litterati
828 3112 938 3154 versus
967 3095 1105 3176 llyczam
1136 3094 1324 3156 tendentem
1359 3095 1392 3156 in
1424 3095 1513 3177 Krog

248 3196 355 3258 habita
376 3211 407 3258 et
430 3197 570 3278 quadam
594 3215 711 3278 magna
733 3197 813 3258 silva
838 3198 1142 3282 Doctorywsthycza
1166 3213 1289 3278 vocata,
1313 3199 1460 3262 similiter
1478 3201 1510 3261 in

250 3303 409 3364 territorio
434 3301 554 3385 prefate
580 3303 717 3364 civitatis
741 3302 858 3365 habitis
875 3318 906 3366 et
922 3306 1129 3368 existentibus
1145 3325 1203 3388 per
1213 3306 1348 3368 modurn
1365 3325 1513 3368 concam·

250 3409 294 3469 bii
319 3423 350 3470 et
372 3409 622 3491 permutacionis
643 3409 830 3471 addimento
853 3409 1050 3474 florenorum
1082 3411 1211 3492 triginta
1245 3413 1400 3494 quinque,
1432 3431 1514 3494 quos

250 3514 390 3597 prelatus
425 3515 591 3576 Emericus
625 3515 782 3576 litteratus
821 3515 926 3578 eidem
963 3516 1106 3599 Georgio
1142 3519 1383 3601 Zowynowych
1419 3537 1514 3601 super

250 3621 367 3682 dictam
391 3621 525 3682 domum
549 3635 707 3683 muratam
731 3622 856 3684 addidit
879 3637 914 3684 ut
937 3622 1104 3706 prefertur,
1121 3643 1178 3706 per
1205 3625 1340 3686 modum
1364 3645 1512 3686 concam-

252 3726 345 3788 bialis
367 3727 618 3810 permutacionis
638 3728 845 3807 vendidisset,
862 3743 1073 3811 permutasset
1087 3743 1118 3792 et
1135 3730 1331 3810 contulisset,
1349 3731 1514 3812 immoque

251 3833 290 3894 de
314 3853 471 3904 consensu
495 3833 675 3895 vicinorum
699 3835 916 3916 predictorum
940 3835 1097 3914 vendidit,
1113 3837 1307 3918 permutavit
1324 3849 1355 3898 et
1378 3837 1515 3898 contulit

251 3959 358 4006 coram
383 3940 477 4002 nobis
499 3939 568 4021 jure
592 3952 747 4022 perpetuo
772 3955 802 4002 et
820 3942 1070 4004 irrevocabiliter
1086 3942 1270 4020 tenendam,
1287 3942 1514 4025 possidendam

251 4046 369 4128 pariter
392 4059 423 4107 et
446 4045 628 4108 habendam
652 4067 689 4108 ac
721 4045 808 4128 juxta
844 4047 1070 4110 condicionem
1107 4048 1242 4110 civitatis
1276 4061 1442 4130 prenotate
1475 4051 1514 4110 ab

252 4152 385 4233 antiquo
410 4152 651 4234 privilegialiter
675 4155 883 4234 approbatam
908 4153 1218 4235 quomodocumque
1242 4153 1380 4215 voluerit
1408 4153 1515 4236 dispo-

253 4258 403 4320 nendam.
428 4259 461 4319 ln
486 4258 577 4320 cuius
600 4259 645 4319 rei
670 4259 871 4338 memoriam,
904 4260 1137 4337 testimonium,
1172 4258 1421 4340 firmitatemque
1446 4279 1515 4341 per·

252 4378 381 4446 petuam
394 4365 594 4446 presentibus
606 4364 748 4446 sigillum
762 4377 906 4426 nostrum
917 4385 1089 4428 commune
1103 4365 1252 4426 duximus
1262 4363 1515 4426 concedendum.

253 4469 373 4532 Datum
397 4471 448 4532 die
466 4470 630 4532 dominico
647 4471 797 4552 proximo
822 4483 895 4532 ante
920 4469 1037 4533 festum
1051 4471 1286 4554 purificacionis
1300 4471 1391 4532 beate
1416 4471 1516 4532 Marie

253 4573 395 4657 virginis.
419 4580 516 4638 Anno
537 4575 662 4637 domini
686 4575 859 4638 millesimo
884 4577 1143 4658 quingentesimo
1167 4577 1325 4658 vigesimo
1350 4577 1459 4638 tercio.

360 4716 496 4783 Originale
515 4718 541 4768 in
560 4718 720 4770 membrana.
739 4717 760 4768 Α
778 4721 855 4782 tergo
875 4715 1018 4783 vestigium
1039 4717 1162 4782 impressi
1182 4715 1273 4781 sigilli.
1287 4715 1314 4766 lu
1325 4715 1422 4768 archiv.
1437 4715 1511 4780 regui

254 4805 343 4859 Creat.
362 4804 432 4856 Slav.
451 4803 537 4860 Dalm.
