3732 5802
828 535 900 595 Dec.
921 529 978 608 96.
1004 567 1042 578 -
1067 533 1123 591 An.
1150 547 1235 609 1511.

1306 639 1666 648 --—-—-—-

1006 761 1068 828 96.

503 921 576 971 Auno
600 921 674 982 1511,
696 920 736 970 11.
755 919 923 982 septembris.
945 916 1100 982 Zegrabiae.

406 1044 580 1106 Conccdcnlc
596 1054 681 1120 papa
699 1047 787 1122 Julr'o
803 1045 844 1105 II.
861 1045 1005 1115 Allectus,
1012 1049 1199 1119 propositus
1214 1043 1338 1120 capituli
1349 1047 1466 1119 aagrab.
1482 1053 1512 1103 ct
1524 1047 1668 1119 Andreas,

394 1155 577 1226 praepositus
607 1153 729 1225 capituli
757 1151 907 1234 casncenis,
930 1169 953 1210 s.
977 1151 1110 1210 Emccicr'
1131 1153 1309 1225 parochiam
1344 1155 1375 1209 ia
1403 1153 1533 1230 capricla
1555 1154 1668 1218 tollant,

394 1258 620 1332 parochiamque
651 1257 779 1314 amnibus
800 1254 921 1334 Jicribus
952 1257 1119 1315 instructam
1141 1260 1172 1314 in
1194 1258 1339 1318 desertam
1362 1260 1506 1316 ecclesiam
1537 1259 1668 1316 cisterci·

577 1371 678 1421 tensam
701 1381 723 1422 s.
748 1363 868 1420 Mariae
890 1364 920 1418 in
944 1381 1016 1420 arca
1038 1365 1161 1437 capituli
1180 1365 1266 1422 situm
1290 1365 1482 1438 transferunt.

507 1505 538 1564 ln
557 1503 688 1565 nomine
705 1515 811 1564 sancte
829 1515 859 1563 et
879 1501 1045 1564 individue
1064 1503 1242 1582 Trinitatis,
1259 1503 1356 1586 patris
1372 1517 1403 1565 et
1419 1503 1475 1566 11111
1493 1517 1524 1565 et
1541 1505 1670 1586 spiritus

399 1611 509 1672 sancti.
534 1614 648 1671 Amen.
677 1609 827 1668 Albertus
851 1607 890 1668 de
916 1607 1036 1686 Kasuh,
1060 1609 1286 1689 zagrabiensis,
1311 1623 1342 1670 et
1373 1609 1520 1671 Andreas
1551 1611 1668 1671 artium

400 1731 430 1776 et
456 1716 656 1778 decretorum
677 1715 799 1792 doctor,
816 1733 873 1775 nec
898 1733 963 1774 non
986 1733 1072 1774 sacre
1094 1713 1256 1796 theologie
1272 1713 1444 1797 professor,
1461 1715 1669 1794 ehamensis,

400 1823 604 1884 ecclesiarum
630 1822 794 1903 prepositi,
823 1834 854 1881 et
884 1820 1029 1881 canonici
1062 1821 1195 1882 ecclesie
1218 1821 1433 1902 zagrabiensis
1457 1821 1612 1904 predicte,
1636 1821 1667 1881 in

403 1949 562 2010 causaque
599 1940 630 1988 et
664 1927 766 1988 causis
801 1925 882 1987 infra
915 1925 1081 2008 descriptis
1116 1940 1301 1989 executores
1331 1949 1349 1988 a
1382 1927 1456 1989 sede
1490 1927 1667 2010 apostolica

400 2035 579 2116 specialiter
610 2033 702 2095 electi
736 2045 766 2093 et
798 2031 939 2114 deputati
970 2033 1125 2093 universis
1149 2047 1180 2094 et
1203 2034 1337 2116 singulis
1362 2047 1525 2115 presentes
1549 2035 1669 2095 litteras

400 2153 523 2200 nostras
555 2138 743 2220 inspecturis
773 2138 910 2198 salutem
943 2139 974 2199 in
1007 2137 1141 2200 domino
1165 2139 1405 2221 sempiternam.
1431 2138 1669 2220 Significamus,

401 2246 600 2306 insinuamus
639 2257 668 2305 et
707 2245 908 2326 presentibus
939 2245 1050 2305 litteris
1085 2246 1202 2306 nostris
1237 2244 1513 2335 executionalibus
1550 2246 1670 2326 quibus

401 2352 528 2433 expedit
561 2351 712 2412 omnibus
740 2350 957 2412 notificamus:
983 2350 1071 2432 quod
1096 2371 1155 2412 nos
1179 2351 1217 2412 de
1242 2371 1328 2413 anno
1352 2351 1589 2413 incarnacionis
1613 2350 1669 2410 do-

400 2459 517 2520 minice
538 2457 711 2518 millesimo
728 2457 987 2537 quingentesimo
1004 2457 1187 2536 undecimo,
1206 2457 1386 2518 indiccione
1403 2456 1529 2519 decima
1546 2468 1670 2536 quarta,

401 2561 569 2623 undecima
601 2561 719 2622 mensis
747 2562 946 2642 septembris,
970 2561 1173 2643 pontificatus
1197 2575 1305 2624 autem
1328 2563 1519 2624 sanctissimi
1544 2561 1668 2623 domini

401 2669 510 2746 nostri,
543 2667 667 2728 domini
700 2667 786 2745 Julii,
811 2665 919 2728 divina
953 2667 1160 2749 providencia
1193 2688 1274 2750 pape
1308 2668 1451 2746 secundi,
1480 2687 1569 2730 anno
1602 2667 1669 2728 eius

400 2787 524 2851 octav0,
550 2773 581 2833 in
612 2773 685 2834 loco
718 2772 912 2834 iudiciorum
946 2785 977 2834 et
1009 2793 1176 2835 causarum
1205 2773 1492 2835 examinandarum
1517 2773 1615 2834 solito
1640 2785 1669 2834 et

400 2891 563 2957 consveto,
592 2879 758 2960 Zagrabie,
789 2878 1046 2957 consederemus,
1074 2892 1149 2941 tunc
1181 2901 1198 2942 e
1232 2880 1341 2942 medio
1374 2880 1512 2941 aliorum
1544 2880 1605 2941 sub
1637 2878 1668 2939 id

400 2999 536 3068 tempus·
558 2984 623 3045 illic
650 2984 856 3046 existencium
892 2985 923 3044 in
948 2986 1145 3066 presenciam
1170 2986 1269 3048 nostri
1294 3005 1452 3067 exurgens
1475 2985 1670 3047 venerabilis

399 3091 550 3152 dominus
567 3089 703 3151 Mathias
727 3091 766 3151 de
784 3090 1009 3173 Bedennycha,
1026 3091 1125 3153 lector
1148 3107 1178 3153 et
1200 3093 1373 3154 canonicus
1396 3090 1517 3174 prefate
1533 3092 1666 3153 ecclesie

400 3196 625 3276 zagrabiensis,
646 3209 833 3278 procurator
865 3197 1041 3278 legittimus
1071 3197 1280 3260 dominorum
1312 3198 1443 3280 capituli
1476 3211 1507 3258 et
1538 3197 1669 3260 canoni·

400 3321 510 3362 corum
531 3301 675 3362 eiusdem
697 3302 840 3381 ecclesie,
858 3302 978 3364 ibidem
1001 3323 1109 3365 coram
1131 3305 1264 3366 notariis
1285 3319 1316 3366 et
1331 3305 1465 3366 testibus
1482 3305 1669 3386 subscriptis

400 3407 519 3468 litteras
542 3407 696 3488 quasdam
721 3421 844 3469 nostras
866 3409 897 3468 in
920 3407 1023 3470 forma
1045 3411 1210 3472 citacionis
1231 3424 1404 3490 emanatas,
1422 3411 1455 3471 in
1480 3409 1668 3491 foribusque

400 3513 531 3573 ecclesie
564 3513 777 3592 zagrabiensis
806 3513 947 3595 predicte
977 3517 1131 3576 canonice
1155 3529 1303 3578 executas
1327 3535 1466 3578 unacum
1490 3516 1669 3577 commissi·

401 3618 518 3678 onibus
551 3633 581 3678 et
612 3619 771 3680 mandatis
795 3621 978 3701 apostolicis
1001 3620 1173 3682 simulcum
1197 3622 1435 3704 supplicacione
1461 3621 1604 3702 quadam
1625 3622 1668 3682 in·

399 3725 548 3803 troclusa,
573 3743 711 3804 quorum
735 3737 860 3786 tenores
885 3725 965 3787 inira
988 3713 1196 3806 subiciantur,
1215 3727 1412 3809 reproduxit,
1429 3727 1592 3808 nobisque
1613 3745 1668 3808 pro

400 3829 592 3890 execucione
616 3830 802 3908 earundem,
819 3845 854 3891 ut
875 3834 1075 3911 tenebamur,
1093 3832 1225 3894 indilate
1248 3831 1406 3911 facienda,
1423 3833 1523 3910 dedit,
1540 3832 1669 3894 tradidit

400 3947 431 3994 et
454 3935 635 4015 assignavit.
661 3935 895 4018 Cuiusquidem
920 3937 1094 4016 citacionis,
1112 3939 1426 4021 supplicacionisque
1443 3939 1668 4001 mandatorum

400 4040 650 4120 apostolicorum
674 4054 767 4102 tenor
791 4043 896 4120 estis,
921 4043 976 4123 qui
1001 4044 1146 4124 sequitur
1170 4044 1209 4104 ad
1236 4047 1389 4106 verbum:
1415 4045 1502 4128 (vide
1519 4045 1601 4106 Doc.
1620 4067 1667 4127 95.

400 4165 474 4206 ann.
504 4167 594 4224 151¹·
618 4167 668 4226 30.
687 4147 835 4229 augusti).
861 4147 894 4208 ln
919 4150 1063 4228 margine
1088 4163 1196 4210 autem
1220 4149 1364 4212 inferiori
1389 4151 1536 4212 eiusdem
1562 4151 1669 4212 Brevis

400 4250 595 4311 scribebatur
612 4250 651 4311 de
668 4251 781 4312 eadem
803 4271 910 4332 manu,
929 4266 963 4314 ut
984 4256 1168 4336 apparebat,
1190 4255 1252 4316 hoc
1270 4256 1388 4318 modo:
1408 4256 1443 4316 F.
1460 4257 1669 4318 Armellinus.

401 4353 434 4413 ln
467 4368 556 4436 tergo
589 4375 664 4416 vero
697 4355 873 4418 forinsecus
904 4358 965 4419 hoc
997 4359 1116 4421 modo:
1142 4360 1277 4422 Dilectis
1301 4360 1374 4422 filiis
1399 4363 1619 4443 zagrabiensis
1642 4375 1670 4422 et

401 4456 593 4520 chasmensis
618 4462 821 4522 ecclesiarum
846 4465 1015 4545 prepositis
1044 4467 1095 4526 vel
1120 4486 1234 4527 eorum
1257 4467 1359 4528 alteri.
1392 4468 1426 4529 ln
1450 4468 1538 4529 calce
1564 4483 1667 4530 autern

402 4562 544 4625 eiusdem
577 4567 722 4628 similiter
753 4571 792 4629 ab
822 4584 918 4648 extra,
944 4571 1005 4630 sic:
1031 4571 1104 4632 Hie.
1130 4572 1170 4633 de
1195 4572 1440 4635 Cotbonniano.
1464 4573 1571 4636 Series
1596 4593 1669 4634 vero

402 4668 641 4746 supplicationis
675 4672 846 4734 introcluse
872 4688 918 4734 est
943 4674 1011 4754 bec,
1036 4696 1099 4756 que
1124 4678 1286 4758 sequitur:
1312 4677 1398 4760 (vide
1423 4679 1503 4742 Doc.
1530 4680 1571 4761 83
1597 4699 1667 4741 ann.

409 4772 520 4852 ¹5¹0·)·
550 4775 582 4834 ln
613 4778 756 4857 margine
789 4799 865 4840 vero
899 4779 1041 4842 inferiori
1076 4783 1221 4844 eiusdem
1252 4784 1503 4866 supplicacionis
1536 4786 1577 4848 de
1608 4785 1667 4846 alia

404 4891 500 4934 manu
533 4877 578 4957 (ut
601 4882 794 4963 apparebat),
819 4885 862 4945 sic
896 4886 1049 4967 scriptum
1073 4901 1158 4950 erat:
1185 4888 1395 4969 Concessum,
1420 4905 1456 4952 ut
1480 4892 1609 4973 petitur.
1634 4891 1665 4951 ln

403 4982 562 5056 presencia
595 4984 717 5046 domini
741 5008 832 5069 pape.
858 4991 968 5051 Petrus
992 4992 1162 5054 cardinalis
1186 4996 1284 5056 sancti
1312 4996 1455 5058 Eusebii.
1478 5033 1521 5042 -—
1546 4999 1664 5077 lunge·
