3808 5792
719 561 791 619 Doc.
815 553 885 632 185.
908 591 949 602 -
972 555 1030 617 An.
1054 569 1141 634 1523·
1478 575 1538 636 ²33

276 798 307 846 ct
328 785 478 866 graciam.
505 785 669 860 Quoniam
698 804 755 846 nos
780 785 892 846 fideles
916 797 1042 845 nostros
1057 781 1231 864 prudentes
1247 797 1278 843 et
1294 782 1541 864 circumspectos

277 891 442 952 universos
465 891 551 952 cives
575 891 711 952 civitatis
728 905 834 952 nostre
852 890 971 951 montis
988 887 1157 950 Grecensis
1173 888 1268 948 simul
1293 907 1365 949 curn
1384 885 1541 948 universis

277 996 542 1076 possessionibus,
567 997 839 1078 porcionibusque
865 1009 895 1058 et
920 994 1043 1075 juribus
1065 993 1323 1074 possessionariis
1346 1011 1382 1054 ac
1399 993 1494 1052 rebus
1510 1010 1540 1069 et

277 1101 370 1162 bonis
395 1118 509 1163 eorum
533 1101 623 1162 iustis
647 1114 759 1184 utputa
784 1099 994 1182 etlegittimis
1011 1099 1041 1159 in
1059 1111 1200 1159 nostram
1218 1099 1338 1178 regiam
1363 1098 1541 1178 recepimus

277 1207 513 1297 proteccionem
539 1219 570 1268 et
592 1207 723 1292 tutelam
749 1205 930 1288 specialem,
955 1205 1089 1285 viceque
1111 1217 1142 1264 et
1166 1203 1198 1264 in
1215 1221 1349 1285 persona
1368 1202 1541 1264 Maiestatis

276 1325 382 1374 nostre
406 1312 539 1374 tuicioni
564 1325 667 1374 vestre
692 1312 922 1374 commisimus.
948 1310 1140 1372 Mandamus
1166 1309 1262 1390 igitur
1278 1307 1421 1370 fidelitati
1439 1324 1540 1370 vestre

275 1417 389 1479 barum
412 1418 493 1480 serie
518 1417 660 1496 firmiter,
684 1419 835 1500 quatinus
858 1415 999 1501 prefatos
1033 1417 1118 1477 cives
1142 1429 1267 1477 nostros
1291 1416 1323 1477 in
1348 1415 1440 1476 dictis
1468 1433 1539 1496 pos-

276 1523 483 1600 sessionibus,
507 1524 780 1605 porcionibusque
813 1536 843 1585 et
874 1521 997 1604 juribus
1027 1521 1284 1603 possessionariis
1316 1539 1352 1582 ac
1383 1521 1479 1581 rebus
1510 1534 1540 1582 et

276 1629 369 1690 bonis
393 1647 505 1692 eorum
529 1629 629 1706 iustis,
655 1643 690 1691 ut
712 1627 879 1712 prefertur,
904 1642 934 1690 et
959 1628 1122 1709 legittimis
1153 1641 1262 1688 contra
1286 1627 1448 1708 quoslibet
1471 1625 1540 1686 ille·

275 1733 406 1813 gitimos
430 1734 629 1816 impetitores
652 1749 683 1796 et
707 1734 869 1816 signanter
892 1734 1043 1796 adversus
1068 1732 1245 1796 eorundem
1277 1733 1400 1794 vicinos
1424 1752 1440 1792 a
1470 1732 1539 1812 qui·

279 1839 339 1900 bus
361 1859 418 1922 per
441 1840 674 1920 occupaciones
708 1841 938 1902 nonnullarum
973 1853 1130 1902 metarum
1155 1851 1186 1900 et
1209 1852 1362 1900 terrarum
1398 1839 1540 1918 ipsorum

278 1945 417 2026 plurima
441 1945 558 2006 damna
583 1946 705 2007 eisdem
722 1945 830 2007 inferri
848 1946 1008 2024 dicuntur,
1024 1945 1116 2023 tueri,
1133 1958 1299 2027 protegere
1323 1957 1353 2004 et
1376 1941 1541 2050 delenpare

277 2069 314 2110 ac
337 2063 546 2113 manutenere
570 2051 713 2114 debeatis
739 2065 770 2114 et
795 2052 970 2114 teneamini
1002 2065 1109 2112 nostre
1140 2049 1314 2111 Maiestatis
1342 2048 1374 2109 in
1405 2066 1540 2130 persona

277 2169 307 2217 et
332 2154 524 2218 authoritate
549 2157 748 2239 presentibus
773 2158 863 2220 vobis
896 2158 927 2218 in
952 2157 1011 2219 hac
1046 2169 1135 2238 parre
1166 2155 1315 2216 attributa
1351 2167 1381 2214 et
1416 2151 1539 2214 iusticia

275 2261 448 2323 mediante.
473 2262 572 2323 Secus
595 2281 661 2323 non
687 2261 810 2326 facturi.
835 2263 1037 2324 presentibus
1069 2261 1226 2343 perlectis,
1257 2260 1418 2322 exhibenti
1449 2259 1538 2320 resti·

275 2365 362 2429 tutis.
387 2366 504 2428 Datum
530 2367 620 2429 Bude
645 2369 676 2429 in
701 2367 782 2430 festo
807 2371 897 2430 beate
925 2367 1025 2430 Marie
1051 2367 1251 2448 Magdalene.
1286 2371 1382 2428 Anno
1417 2364 1539 2426 domini

275 2471 448 2534 millesimo
472 2473 731 2554 quingentesimo
756 2474 912 2556 vigesimo
936 2473 1046 2536 tercio.

382 2611 520 2679 Originale
541 2613 566 2663 in
587 2613 685 2666 charta.
705 2614 732 2665 ln
751 2615 868 2679 margine
889 2613 1007 2665 inlerlorl
1028 2613 1187 2677 impressum
1202 2619 1244 2663 est
1257 2613 1382 2678 sigillum.
1401 2611 1427 2662 ln
1442 2611 1540 2662 archiv.

276 2698 357 2749 inclit.
376 2699 470 2752 Accad.
490 2701 583 2751 scient.
603 2699 707 2752 Slater.
725 2701 815 2753 merid.

870 2989 949 3052 185.

381 3133 455 3182 Anno
477 3131 552 3184 1523.
573 3135 614 3187 22.
632 3135 690 3200 julii
720 3135 816 3188 Budae.

276 3275 438 3333 Ludotu'cus
460 3278 501 3338 ΙΙ.
526 3277 627 3353 Hung.
652 3289 698 3341 etc.
724 3300 788 3348 rrx,
818 3281 937 3358 joanni
974 3282 1004 3338 T
1000 3289 1122 3354 orprandi
1155 3282 1231 3338 barro
1257 3281 1350 3356 juber,
1383 3287 1416 3336 ut
1445 3298 1539 3336 seuere

274 3389 363 3450 curet,
385 3402 420 3438 nc
441 3387 506 3457 qur's
528 3403 548 3440 a
571 3387 774 3443 rrrcrcotorrbtcs
796 3387 915 3459 zagrcrb.
945 3395 1000 3460 pro
1034 3406 1123 3445 merce
1150 3387 1313 3464 perterritus
1338 3387 1385 3442 t'el
1404 3387 1539 3444 telonium

856 3500 949 3566 cogar.

925 3645 1084 3700 commissio
1104 3647 1213 3711 propria
1233 3643 1331 3697 domini
1350 3645 1430 3710 regis.

383 3733 568 3796 Ludouicus
589 3734 640 3796 dei
664 3736 770 3815 gracia
801 3755 855 3797 rex
886 3735 1053 3817 Hungarie
1084 3748 1114 3797 et
1149 3735 1304 3797 Bohemie
1340 3747 1399 3795 etc.
1435 3732 1539 3795 Fideli

276 3853 386 3900 nostro
411 3840 576 3922 spectabili
612 3855 642 3902 et
666 3841 837 3922 magnifico
862 3841 976 3902 loanni
1014 3842 1195 3922 Torquat0,
1221 3840 1330 3902 comiti
1366 3839 1540 3916 Corbauie,

275 3963 447 4024 regnorum
471 3959 653 4008 nostrorum
678 3947 853 4025 Dalmacie,
877 3947 1012 4009 Croacie
1029 3961 1060 4009 et
1078 3947 1249 4009 Sclauonie
1267 3948 1362 4023 bane,
1379 3945 1538 4007 eiusdem-

275 4069 338 4130 que
361 4051 521 4113 vicebanis
543 4053 679 4115 salutem
703 4065 734 4114 et
756 4054 906 4134 graciam.
933 4055 979 4115 Ex
1003 4054 1216 4136 querimoniis
1246 4052 1390 4115 fidelium
1416 4063 1539 4112 nostro·
1645 4125 1646 4128 Ἴ

275 4175 346 4217 rum
370 4157 565 4238 prudentum
590 4171 620 4220 et
643 4159 945 4242 circumspectorum
960 4160 969 4240 j
976 4160 1078 4221 udicis
1095 4173 1126 4221 et
1143 4159 1330 4241 juratorum,
1347 4171 1539 4220 ceterorum·

277 4281 341 4342 que
363 4263 481 4324 civium
506 4279 691 4326 nostrorum
716 4266 836 4327 montis
854 4265 1023 4328 Grecensis
1041 4265 1267 4344 intelleximus,
1286 4265 1374 4346 quod
1392 4262 1539 4345 quamvis

275 4368 334 4450 ipsi
359 4389 395 4430 ex
419 4370 562 4450 graciosa
587 4371 766 4441 annuencia
792 4386 822 4432 et
846 4373 1052 4434 concessione
1078 4372 1226 4432 divorum
1244 4371 1408 4452 quondam
1426 4387 1536 4450 regum

275 4474 452 4554 Hungarie,
475 4489 658 4538 nostrorum
683 4477 804 4538 scilicet
828 4477 1089 4558 predecessorum
1115 4477 1199 4538 iuxta
1223 4495 1335 4538 eorum
1371 4474 1538 4558 privilegia

274 4599 330 4660 per
353 4594 495 4642 nostram
521 4582 719 4644 Maiestatem
745 4581 931 4644 confirmata
955 4603 972 4644 a
996 4582 1162 4644 soluc'ione
1197 4581 1415 4663 quorumlibet
1438 4580 1538 4640 tribu·

273 4699 379 4746 torum
405 4699 436 4748 et
458 4687 685 4750 theloneorum
709 4689 815 4750 ubivis
836 4690 868 4750 in
892 4689 953 4751 hoc
977 4709 1077 4770 regno
1094 4703 1203 4750 nostro
1220 4702 1251 4749 et
1267 4688 1409 4769 partibus
1433 4685 1539 4747 eidem

273 4791 425 4854 subiectis
448 4793 531 4873 exigi
556 4794 726 4855 solitorum
750 4796 888 4877 exempti
913 4796 976 4857 sint
999 4810 1029 4856 et
1062 4794 1407 4868 liberati'habeantur;
1431 4805 1538 4853 tamen

272 4898 419 4979 plerique
444 4896 559 4978 forent,
583 4900 638 4980 qui
663 4920 727 4962 non
753 4916 859 4962 curata
884 4900 1068 4961 huiusmodi
1086 4899 1231 4961 libertate
1251 4899 1394 4981 ipsorum
1418 4897 1537 4958 civium

273 5005 403 5086 eosdem
428 5005 467 5067 ad
491 5005 690 5068 solucionem
708 5007 905 5068 tributariam
924 5017 1080 5068 arctarent
1096 5019 1127 5068 et
1139 5005 1373 5089 ,compellerent
1388 5005 1419 5065 in
1433 5005 1537 5088 prelu-
