3900 5804
411 582 474 642 300
830 564 947 622 Sternere
972 565 1263 626 Praebendaer'orum.

409 787 489 850 festo
514 791 605 850 beate
630 788 828 871 Margarethe
852 790 994 871 virginis.
1013 794 1108 852 Anno
1126 791 1250 853 domini
1267 793 1440 870 millesimo
1458 797 1673 877 quadringen-

408 895 523 956 tesimo
546 909 660 977 quarto
685 896 822 959 decimo.

511 1093 604 1149 Aliud
618 1089 813 1170 privilegiam
835 1091 1014 1150 dominorum
1037 1095 1160 1166 capituli
1180 1095 1291 1151 ecclesie
1313 1097 1521 1173 aegrabiensr's.

514 1231 580 1292 Nos
604 1231 778 1312 capitulum
805 1231 937 1292 ecclesie
962 1233 1186 1312 zagrabiensis.
1219 1234 1374 1296 Memorie
1407 1237 1671 1298 commendamus

408 1349 518 1400 tenore
542 1338 738 1419 presentium
762 1335 987 1418 significantes,
1004 1337 1121 1419 quibus
1145 1337 1297 1422 (expedit)
1315 1341 1482 1402 universis.
1500 1342 1598 1415 Quod
1614 1362 1673 1404 nos

409 1462 456 1520 ea,
482 1463 544 1524 que
569 1445 600 1505 in
625 1457 835 1524 augmentum
860 1445 964 1504 cultus
997 1443 1109 1522 divini,
1135 1445 1333 1526 ecclesieque
1366 1459 1397 1506 et
1427 1446 1537 1508 salutis
1568 1462 1672 1509 nostre

408 1549 561 1610 auxilium
588 1549 714 1630 disponi
740 1563 882 1630 possunt,
906 1551 1011 1630 sagaci
1037 1550 1248 1631 indagacione
1280 1551 1578 1616 animadverventes
1601 1554 1670 1614 nul-

408 1655 531 1716 latenus
554 1655 692 1717 debeant
716 1655 902 1737 protardari,
928 1655 1082 1737 quodque
1106 1676 1142 1717 ea
1168 1675 1232 1717 non
1256 1672 1321 1717 tam
1345 1657 1516 1720 salubriter
1539 1672 1669 1740 tamque

408 1761 588 1842 diligenter,
613 1761 673 1822 nisi
698 1781 754 1842 per
785 1761 1014 1844 prebendarios
1047 1761 1134 1823 chori
1165 1763 1298 1824 ecclesie
1327 1777 1434 1825 nostre
1468 1763 1589 1845 prefate
1621 1785 1671 1826 ex-

407 1867 508 1949 pediri
535 1868 671 1928 valeant
694 1881 790 1948 atque
815 1869 948 1949 possint,
973 1887 1085 1928 eorum
1118 1869 1295 1949 paupertati
1327 1869 1558 1931 nichilominus
1579 1871 1612 1931 in
1636 1891 1670 1931 ea

409 1986 496 2054 parte
513 1992 659 2034 succurre
677 1973 886 2054 recupientes,
904 1988 938 2035 ut
955 1974 1010 2054 qui
1027 1974 1115 2055 prius
1132 1975 1213 2034 circa
1230 1975 1351 2035 cultum
1377 1975 1524 2036 divinum
1541 1977 1671 2058 eiusque

408 2079 582 2140 ministeria
607 2079 776 2160 diligentes
800 2079 925 2142 luerunt
958 2081 1123 2160 comperti,
1149 2099 1204 2160 per
1228 2099 1287 2140 nos
1318 2081 1447 2142 tandem
1480 2082 1670 2143 remunerati

408 2197 503 2265 atque
537 2185 636 2246 dotati
669 2186 770 2266 magis
801 2184 973 2266 pervigiles
1008 2185 1129 2246 eisdem
1164 2185 1305 2246 serviciis
1336 2186 1453 2247 divinis
1482 2187 1671 2265 insisterent,

408 2309 509 2371 eaque
533 2311 595 2371 que
620 2311 676 2373 per
698 2310 757 2352 nos
781 2291 926 2372 pluribus
950 2291 1079 2352 intentis
1102 2291 1185 2351 curis
1209 2303 1240 2351 et
1263 2290 1426 2372 signanter
1457 2292 1544 2353 horis
1576 2313 1670 2354 cano-

409 2395 487 2456 nicis
512 2409 542 2457 et
565 2397 660 2458 misse
684 2397 775 2457 beate
800 2397 917 2478 viginis
941 2397 1052 2473 Marie,
1076 2416 1148 2456 curn
1181 2397 1298 2477 quibus
1332 2399 1455 2459 onerati
1488 2419 1553 2459 non
1585 2399 1670 2460 sulfi-

407 2502 526 2564 cienter
550 2503 669 2584 provisi
695 2501 831 2580 lucrant,
849 2503 969 2584 expleri
986 2521 1051 2562 non
1073 2516 1212 2583 possent,
1230 2522 1287 2584 per
1304 2523 1360 2564 eos
1376 2505 1558 2565 accuracius
1575 2518 1670 2586 atque

407 2607 598 2689 diligencius
621 2621 863 2690 exequerentur.
886 2609 952 2669 Nos
976 2628 1013 2668 ex
1039 2609 1182 2669 unanimi
1214 2623 1291 2670 voto
1320 2624 1440 2688 nostr0,
1476 2625 1571 2692 atque
1604 2631 1670 2672 rna-

406 2726 475 2774 tura
499 2713 735 2775 deliberacione
758 2713 942 2795 prehabiris,
966 2733 1078 2775 omnes
1102 2729 1133 2775 et
1156 2715 1297 2796 singulas
1313 2715 1453 2778 decimas
1477 2731 1610 2794 nostras,
1627 2718 1666 2778 ad

406 2819 593 2899 porcionem
618 2820 767 2881 videlicet
796 2820 960 2880 dumtaxat
992 2834 1145 2898 nostram,
1182 2820 1215 2880 in
1240 2821 1384 2882 districtu
1409 2822 1448 2882 de
1485 2823 1666 2884 Morawcha

406 2939 634 2986 concernentes
658 2939 688 2986 et
710 2925 878 3006 provenire
903 2925 1012 2986 solitas
1042 2939 1138 3006 atque
1163 2939 1339 3004 consvetas,
1363 2927 1482 2988 eisdem
1508 2928 1576 2988 iure
1600 2948 1669 3009 per·

406 3043 503 3110 petuo
528 3045 558 3091 et
582 3031 833 3093 irrevocabiliter
858 3031 1007 3091 duximus
1031 3030 1099 3092 lore
1123 3032 1346 3094 concedendas
1370 3047 1465 3114 atque
1490 3013 1667 3113 donandas,

406 3137 471 3197 imo
496 3139 702 3199 concedimus
736 3152 831 3219 atque
856 3137 1023 3200 donamus.
1061 3137 1185 3199 Harum
1221 3151 1401 3199 nostrarum
1437 3140 1534 3220 sigilli
1570 3141 1668 3202 nostri

405 3244 601 3324 appensione
626 3246 896 3307 communitorum
914 3244 1024 3324 vigore
1042 3259 1072 3305 et
1088 3245 1273 3305 testimonio
1294 3244 1472 3306 litterarum
1496 3246 1668 3307 mediante.

406 3348 524 3410 Datum
549 3349 626 3411 feria
650 3350 789 3412 secunda
816 3350 961 3431 proxima
985 3363 1057 3410 ante
1082 3347 1199 3410 lestum
1224 3351 1307 3410 beati
1333 3350 1464 3412 Matthei
1483 3352 1620 3433 apostoli
1638 3365 1668 3413 et

405 3457 620 3536 ewangeliste.
644 3461 740 3517 Anno
764 3456 888 3517 domini
913 3455 1085 3516 millesimo
1119 3455 1437 3536 quadringentesimo
1471 3457 1668 3538 sexagesimo

405 3574 530 3622 octavo.

509 3725 559 3781 De
581 3725 670 3782 missa
692 3725 771 3781 beate
796 3721 928 3795 virgrbis.

510 3863 615 3923 Facile
641 3883 678 3923 ex
701 3875 812 3923 tenore
837 3861 1013 3922 litterarum
1044 3861 1259 3943 predictarum
1291 3862 1546 3924 celebracionem
1571 3865 1664 3925 misse

405 3969 585 4030 beatissime
609 3983 705 4050 atque
729 3968 958 4050 gloriosissime
983 3967 1115 4048 virginis
1132 3968 1232 4030 Marie
1257 3969 1338 4029 circa
1361 3988 1509 4030 auroram
1534 3969 1666 4030 dicende

405 4076 540 4157 quisque
564 4074 835 4157 comprehendere
861 4087 975 4155 potest,
1006 4073 1047 4134 ad
1072 4074 1163 4134 cuius
1197 4074 1293 4154 igitur
1317 4094 1465 4156 sumpme
1497 4076 1593 4136 misse
1617 4095 1666 4136 ce·

404 4182 614 4244 lebrationem
638 4182 817 4263 quemlibet
832 4193 977 4242 nostrum
995 4200 1032 4241 ex
1049 4180 1163 4242 ordine
1180 4199 1236 4261 per
1251 4181 1407 4262 integram
1427 4181 1664 4242 hebdomadam

404 4288 566 4349 astrictum
590 4308 657 4347 esse
681 4287 849 4362 volumus;
867 4285 1036 4347 dicendam
1053 4286 1161 4367 itaque
1178 4305 1251 4347 cum
1268 4286 1369 4346 tribus
1387 4287 1546 4348 collectis:
1563 4288 1666 4368 prima

404 4394 553 4455 videlicet
580 4395 728 4476 propria;
763 4392 903 4454 secunda
935 4411 993 4473 pro
1029 4392 1187 4474 episcopis
1219 4391 1387 4472 defunctis,
1420 4407 1451 4454 et
1481 4393 1577 4454 tercia
1608 4412 1665 4474 pro

403 4499 551 4582 peccatis.
578 4499 722 4562 ›Exaudi
747 4516 954 4580 quesumus«
979 4498 1157 4560 statuimus.

507 4699 557 4757 De
579 4717 636 4754 non
652 4697 821 4771 neglegenda
839 4697 935 4754 eadem
951 4698 1038 4754 missa
1053 4697 1131 4754 beate
1153 4695 1288 4769 virgareis,
1305 4702 1334 4754 et
1348 4695 1524 4770 neglegentia
1538 4697 1666 4752 aliamne

402 4823 513 4879 quoque
527 4805 688 4878 pumenda.

507 4934 714 4995 Decrevimus
738 4935 856 5015 itaque,
882 4933 969 5014 quod
994 4934 1048 5013 qui
1073 4953 1110 4992 ex
1134 4931 1282 4993 fratribus
1306 4950 1377 4992 eam
1393 4949 1575 5012 sumpmam
1593 4929 1666 4990 mis·

404 5060 471 5102 sant
496 5042 587 5101 beate
612 5040 744 5121 virginis
776 5040 881 5100 dicere
917 5039 1105 5119 negligeret,
1140 5039 1181 5099 ad
1216 5037 1304 5118 quod
1341 5037 1493 5098 dominus
1528 5037 1666 5097 decanus
