3732 5802
390 515 448 576 126
798 515 871 577 Doc.
896 511 967 578 108.
991 549 1032 560 —
1057 517 1116 578 An.
1140 528 1228 596 1514.

384 757 492 807 nostra
516 743 735 806 Warasdiensi
761 741 838 805 feria
862 757 974 826 quarta
998 757 1070 806 ante
1094 742 1211 806 festum
1231 757 1338 806 sancte
1357 744 1536 806 Trinitatis.
1553 749 1650 807 Anno

384 850 507 913 domini
532 848 718 932 (millesimo
742 849 1012 934 quingentesimo)
1035 850 1221 914 tredecimo.

489 972 520 1038 (Α
539 970 637 1041 tergo).
664 953 912 1038 Circumspectis
945 976 981 1018 ac
1011 956 1154 1039 providis
1185 955 1294 1038 judici,
1322 955 1496 1039 juratisque
1528 956 1652 1018 civibus

384 1061 503 1124 montis
527 1061 706 1141 Grecensis,
729 1061 823 1124 nobis
843 1060 984 1125 delectis.

490 1203 627 1269 originale
646 1203 671 1255 lu
689 1205 788 1258 charta.
812 1203 835 1253 Α
859 1207 937 1270 tergo
963 1204 1120 1270 impressam
1146 1210 1188 1256 est
1212 1205 1337 1271 sigillam.
1362 1205 1390 1256 lo
1410 1204 1508 1258 archiv.
1527 1203 1574 1257 lib.
1593 1217 1650 1269 reg.

385 1293 456 1346 olvit.
475 1293 581 1359 ragrab.

974 1487 1061 1555 108.

409 1649 413 1657 ¹
492 1627 567 1680 Anno
587 1627 662 1694 1514,
681 1627 723 1680 25.
743 1629 856 1695 augusti.
876 1627 973 1682 Budas.

393 1754 561 1815 Vlodislour
583 1755 685 1830 Hung.
700 1763 750 1818 etc.
768 1775 823 1816 rex
844 1757 934 1814 Petro
957 1756 1126 1814 Berislooil
1141 1755 1216 1814 bano
1231 1755 1386 1830 pracepit,
1404 1762 1440 1812 ut
1460 1755 1492 1811 in
1508 1754 1651 1828 proxima

385 1863 602 1935 congregatione
629 1861 765 1936 generali
794 1861 837 1919 ad
854 1862 947 1936 finem
971 1863 1117 1934 perducat
1146 1863 1231 1936 litem,
1258 1879 1336 1936 quoe
1365 1861 1398 1939 de
1429 1861 1462 1918 vi
1481 1879 1501 1916 o
1523 1857 1653 1918 civitatis

602 1969 800 2026 cmmunitote
822 1985 896 2041 agro
917 1968 1040 2042 capituli
1058 1969 1089 2025 in
1116 1967 1202 2042 Krog
1222 1963 1308 2025 illata
1330 1967 1438 2040 agitur.

1072 2103 1230 2157 Commissio
1249 2103 1360 2169 propria
1378 2102 1476 2155 domini
1496 2104 1577 2169 regis.

491 2231 690 2294 Wladislaus
713 2231 765 2294 dei
789 2232 895 2313 gracia
919 2251 972 2293 rex
997 2231 1163 2313 Hungarie
1187 2243 1219 2293 et
1235 2228 1391 2292 Bohemie
1408 2241 1467 2291 etc.
1484 2229 1653 2290 Fidelibus

385 2338 500 2400 nostris
535 2338 712 2400 reverendo
747 2337 881 2400 domino
916 2323 1011 2400 ⁸Petro
1047 2337 1184 2420 Beryzlo
1216 2337 1368 2419 episcopo
1406 2334 1652 2417 wesprimiensi,

385 2461 512 2506 summo
543 2444 743 2506 thesaurario
775 2457 895 2524 nostro,
919 2463 1045 2507 necnon
1069 2463 1241 2526 regnorum
1266 2456 1449 2506 nostrorum
1474 2440 1652 2520 Dalmacie,

386 2549 520 2612 Croacie
553 2563 584 2612 et
617 2550 788 2612 Sclauonie
822 2551 907 2612 bano
940 2571 976 2612 ac
1009 2550 1139 2632 egregio
1162 2549 1319 2612 vicebano
1343 2547 1500 2627 eiusdem,
1524 2566 1651 2608 necnon

385 2656 537 2736 magistro
561 2656 730 2718 Francisco
755 2657 794 2717 de
820 2656 970 2718 Marocha
995 2656 1171 2738 personalis
1195 2655 1358 2738 presencie
1382 2667 1489 2716 nostre
1513 2673 1551 2714 ac
1576 2652 1651 2714 dicti

386 2762 474 2842 regni
508 2762 607 2823 nostri
632 2761 804 2823 Sclauonie
835 2761 1091 2844 prothonotario,
1114 2761 1340 2842 judicibusque
1372 2759 1545 2838 nobilium,
1569 2773 1652 2820 cete-

385 2867 491 2949 risque
526 2867 636 2948 juratis
670 2867 881 2929 assessoribus
916 2867 1000 2930 sedis
1034 2867 1200 2950 judiciarie
1231 2866 1403 2929 comitatus
1433 2865 1652 2947 zagrabiensis

385 2973 519 3035 salutem
544 2987 574 3035 et
597 2973 748 3054 graciam.
773 2973 953 3056 Exponitur
977 2973 1135 3036 Maiestati
1163 2985 1269 3034 nostre
1294 2973 1326 3034 in
1350 2991 1487 3055 persona
1511 2971 1651 3034 honora-

385 3079 458 3140 bilis
489 3079 620 3161 capituli
654 3079 787 3143 ecclesie
819 3080 1044 3161 zagrabiensis,
1076 3079 1213 3162 qualiter
1247 3077 1326 3141 feria
1359 3090 1471 3160 quarta
1504 3078 1651 3160 proxima

384 3199 457 3246 ante
492 3184 608 3246 festum
643 3186 726 3247 beati
759 3186 831 3247 Elie
865 3186 1031 3268 prophete,
1066 3186 1210 3268 proxime
1246 3185 1444 3268 preteritum,
1476 3184 1652 3266 prudentes

385 3304 416 3353 et
450 3292 670 3373 circumspecti
706 3291 843 3354 Michael
879 3293 1044 3372 litteratus,
1078 3291 1191 3373 judex;
1224 3291 1415 3353 Valentinus
1445 3288 1589 3372 frenipar
1622 3303 1653 3351 et

386 3397 566 3480 Stephanus
595 3396 765 3476 aurifaber,
789 3398 882 3480 jurati
915 3400 1000 3461 cives
1032 3399 1167 3462 civitatis
1200 3411 1306 3460 nostre
1336 3396 1455 3458 montis
1481 3395 1651 3458 Grecensis

385 3504 544 3565 cumulata
578 3505 638 3566 sibi
670 3505 745 3586 ipsis
775 3519 805 3566 et
836 3518 985 3587 agregata
1014 3525 1131 3586 magna
1162 3505 1263 3566 immo
1287 3505 1417 3586 copiosa
1442 3502 1651 3564 multitudine

385 3609 514 3688 civium,
548 3610 791 3692 incolarumque
830 3625 861 3673 et
900 3611 1151 3674 inhabitatorum
1191 3610 1335 3672 eiusdem
1371 3609 1507 3670 civitatis
1543 3623 1650 3671 nostre

385 3715 503 3777 montis
534 3715 714 3796 Grecensis,
738 3717 941 3798 aliorumque
973 3717 1287 3799 quamplurimorum
1311 3715 1481 3777 hominum
1506 3729 1538 3776 et
1562 3714 1651 3796 joba·

383 3821 518 3903 gionum
543 3841 654 3883 eornm
679 3837 710 3884 et
732 3823 772 3885 sd
797 3843 852 3884 eos
879 3824 1124 3904 pertinencium,
1148 3837 1213 3885 tam
1237 3822 1358 3884 scilicet
1381 3820 1527 3902 equitum
1553 3841 1650 3903 quarn

385 3927 485 3988 eciam
517 3928 661 4009 peditum
689 3948 763 3990 cum
787 3929 912 4011 magnis
935 3931 1139 4012 apparatibus
1160 3947 1323 4006 curruum,
1340 3927 1469 3988 armatis
1490 3940 1522 3987 et
1539 3939 1651 4009 poten-

384 4033 489 4093 ciariis
514 4034 662 4095 manibus
686 4035 726 4096 ad
750 4035 945 4097 territorium
970 4036 1114 4098 eiusdem
1137 4035 1267 4118 capituli
1286 4033 1419 4096 ecclesie
1435 4033 1652 4114 zagrebiensis

385 4151 416 4198 et
439 4158 496 4220 per
519 4159 718 4221 consequens
749 4142 881 4203 ecclesie
907 4142 1099 4204 kathedralis
1123 4159 1236 4203 eorum
1264 4140 1363 4202 sancti
1388 4139 1471 4220 regis
1496 4138 1650 4222 Stephani

386 4243 505 4305 ibidem
527 4245 681 4328 Zagrabie
702 4245 844 4326 fundate,
871 4247 902 4308 in
923 4248 1076 4310 comitatu
1100 4247 1298 4328 zagrabiensi
1316 4243 1478 4306 existentis
1494 4243 1652 4324 habitum,

385 4365 681 4433 consequenterque
713 4366 811 4415 terras
843 4353 980 4416 arabiles
1004 4367 1035 4416 et
1059 4351 1168 4414 fenilia
1192 4351 1337 4414 eiusdem
1361 4351 1491 4433 capituli
1518 4351 1650 4413 ecclesie

385 4455 599 4534 zagrsbiensis
620 4457 652 4518 in
677 4478 791 4541 campo
815 4458 935 4521 scilicet
955 4459 1099 4521 eiusdem
1120 4459 1251 4541 capituli
1274 4457 1463 4539 exponentis
1480 4470 1511 4518 et
1529 4458 1562 4518 in
1580 4459 1650 4519 loco

387 4557 496 4639 Kroog
528 4575 641 4625 vocato
677 4564 869 4643 adiacentes,
898 4565 929 4626 in
962 4564 1235 4646 quarumquidem
1265 4576 1422 4624 terrarum
1447 4574 1479 4623 et
1502 4561 1651 4625 senilium

386 4661 482 4724 iidem
517 4683 711 4748 exponentes
743 4683 773 4731 et
806 4689 843 4730 ex
875 4671 1085 4752 consequenti
1118 4671 1251 4732 ecclesia
1279 4669 1363 4731 beati
1387 4668 1471 4750 regis
1496 4667 1650 4751 Stephani

386 4769 543 4830 antedicta
568 4773 607 4833 ab
630 4775 770 4855 antiquis
793 4777 1003 4857 temporibus
1027 4777 1117 4838 cuius
1140 4776 1291 4838 videlicet
1314 4795 1379 4836 non
1405 4787 1526 4835 extaret
1547 4774 1651 4836 homi-

387 4891 464 4932 num
487 4877 651 4956 memoria,
672 4899 797 4961 semper
818 4881 849 4941 in
868 4881 1000 4963 pacifico
1017 4882 1163 4944 dominio
1180 4882 1248 4943 sine
1266 4880 1501 4963 impedimento
1518 4880 1649 4961 aliquali

387 4978 570 5062 extitissent,
600 4983 773 5064 venientes,
800 4986 910 5066 ibique
943 4989 1126 5068 octuaginta
1156 4989 1295 5070 plaustra
1326 4986 1419 5048 triciti
1454 4999 1485 5047 et
1515 4986 1649 5067 siliginis
