3732 5802
594 567 666 627 Doc.
690 577 741 642 79.
764 600 808 610 -
830 569 886 629 An.
911 581 996 641 1510.
1389 571 1427 649 85

168 671 443 678 ——-———--

164 795 281 856 civium
305 807 416 856 contra
441 795 526 876 ipsos
549 794 739 875 capitulares
763 792 964 872 dederamus,
987 807 1021 854 ut
1044 795 1068 854 si
1094 807 1185 856 antea
1210 809 1240 856 et
1264 796 1430 878 hucusque

164 901 195 961 in
219 900 370 962 dominio
394 899 455 961 lori
480 899 665 962 huiusmodi
694 919 760 962 non
784 899 922 977 fuerunt,
947 899 1037 975 illud,
1063 901 1150 982 quod
1175 922 1241 988 non
1266 903 1298 963 in
1322 903 1430 964 medio

164 1007 293 1089 capituli
326 1005 382 1067 sed
415 1006 447 1067 in
476 1005 601 1067 civitate
626 1005 693 1088 ipsa
717 1005 913 1068 celebratum
938 1004 1009 1085 fuit,
1034 1005 1249 1090 deincepsque
1275 1009 1306 1069 in
1332 1009 1428 1090 priori

162 1127 192 1174 et
222 1114 303 1175 alias
335 1125 487 1174 consveto
517 1111 590 1173 loco
623 1112 775 1174 celebrari
808 1111 948 1189 deberet,
973 1132 1078 1194 neque
1113 1113 1211 1174 iidem
1240 1115 1430 1196 capitulares

93 1267 96 1276 .
161 1240 227 1280 sese
256 1219 300 1280 ad
332 1219 365 1280 id
398 1218 646 1280 intromitterent
676 1231 731 1278 aut
762 1218 886 1298 aliquas
917 1217 1043 1278 bolthas
1073 1233 1103 1279 et
1126 1219 1301 1280 testudines
1323 1222 1428 1301 gracia

161 1339 294 1408 questus
325 1338 356 1386 et
387 1323 447 1385 fori
470 1323 655 1386 huiusmodi
680 1324 849 1404 erigerent,
874 1337 1057 1405 erectaeque
1082 1325 1254 1404 diruerent,
1279 1327 1423 1408 alioquin

161 1451 229 1510 nos,
254 1431 333 1493 visis
363 1429 534 1513 superinde
566 1431 708 1512 ipsorum
742 1430 860 1490 civium
892 1443 1073 1491 nostrorum
1095 1431 1281 1512 privilegiis,
1307 1433 1427 1494 eisdem

161 1537 362 1600 distrahendi
386 1536 572 1598 huiusmodi
596 1556 696 1597 novas
719 1535 895 1596 testudines
919 1537 1083 1618 potestatis
1108 1535 1291 1598 facultatem
1316 1559 1429 1600 conce-

161 1643 323 1723 deremus,
346 1643 456 1724 vigore
476 1641 567 1703 cuius
587 1641 729 1702 mandati
750 1641 848 1702 nostri
871 1661 954 1702 nunc
981 1640 1079 1702 iidem
1097 1643 1182 1704 cives
1198 1645 1297 1704 nostri
1316 1663 1429 1706 manus

160 1765 190 1812 et
222 1751 310 1812 vires
340 1749 443 1812 acrius
475 1767 572 1830 quam
596 1749 687 1810 decet
711 1747 928 1826 extendentes,
952 1767 1017 1809 non
1041 1749 1218 1810 mediocres
1243 1749 1375 1830 injurias
1399 1765 1429 1812 et

159 1857 387 1939 oppressiones
411 1853 531 1916 eisdem
556 1853 784 1936 capitularibus
801 1853 840 1914 de
857 1873 943 1914 novo
960 1853 1154 1916 intullissent
1171 1869 1202 1916 et
1218 1855 1310 1937 plura
1327 1857 1428 1918 eciam

159 1965 221 2026 alia
257 1963 291 2024 in
316 1962 384 2024 dies
417 1963 498 2023 inter
529 1981 584 2023 eos
616 1973 825 2042 emergerent,
857 1981 894 2020 ex
927 1961 1044 2041 quibus
1076 1961 1135 2022 nisi
1167 1981 1223 2043 per
1248 1982 1306 2024 nos
1329 1963 1356 2022 ei
1384 1963 1428 2023 rei

160 2071 348 2131 consulatur
372 2069 468 2129 etiam
492 2067 586 2129 cedes
609 2065 777 2128 hominum
803 2065 895 2128 facile
918 2067 1044 2127 evenire
1061 2080 1221 2148 poterunt,
1239 2088 1302 2149 que
1319 2070 1428 2130 omnia

159 2177 260 2239 iidem
285 2161 475 2259 capitulares
499 2174 630 2256 indigne
655 2187 685 2235 et
710 2174 869 2234 immerito
895 2193 963 2234 sese
980 2174 1044 2256 pati
1061 2188 1214 2236 asserunt.
1232 2175 1324 2234 Nunc
1342 2175 1427 2235 enim

159 2303 269 2345 rursus
303 2282 344 2344 ad
372 2301 431 2344 nos
454 2279 675 2362 confugientes
699 2291 842 2341 asserunt
866 2279 980 2341 eodem
1005 2299 1068 2360 que
1093 2279 1124 2340 in
1148 2280 1214 2362 ipsa
1240 2280 1324 2342 dieta
1345 2299 1427 2341 asse-

158 2391 274 2452 rebant
298 2388 409 2467 modo,
426 2386 532 2448 forum
556 2387 661 2469 ipsum
686 2385 725 2447 ad
748 2406 803 2446 eos
818 2385 978 2468 pertinere
995 2399 1026 2446 et
1042 2405 1167 2467 semper
1183 2406 1219 2446 ac
1236 2387 1275 2446 ab
1294 2387 1427 2468 antiquo

159 2509 188 2558 et
220 2497 263 2558 ab
296 2495 364 2577 ipsa
392 2493 524 2576 quidem
548 2491 742 2553 fundacione
766 2491 898 2553 ecclesie
924 2492 980 2552 illo
1004 2511 1079 2552 usos
1102 2511 1169 2552 esse
1194 2506 1225 2552 et
1248 2493 1374 2572 gavisos
1398 2507 1428 2554 et

159 2621 309 2684 quosque
345 2613 547 2678 mercatores,
572 2599 796 2680 institoresque
833 2597 969 2658 liberum
1006 2617 1131 2678 semper
1162 2617 1365 2679 progressum
1398 2611 1428 2660 et

159 2729 254 2770 usum
272 2707 427 2768 mercium
448 2723 578 2767 suarum
596 2706 628 2765 in
645 2703 754 2766 medio
772 2703 871 2786 ipsius
887 2703 1018 2785 capituli
1036 2703 1195 2782 habuisse,
1212 2723 1427 2786 magnamque

159 2813 312 2875 iniuriam
345 2825 374 2874 et
402 2810 616 2894 preludicium
642 2811 737 2872 ineo
762 2811 838 2894 pati,
862 2809 950 2891 quod
975 2809 1071 2870 iidem
1098 2811 1183 2872 cives
1206 2824 1271 2872 tam
1296 2811 1428 2872 licenter

160 2935 225 2981 tam
252 2931 413 2980 vetustum
438 2937 532 2979 usum
557 2916 720 2979 commodi
745 2935 857 2977 eorum
881 2929 1021 2976 evertere
1046 2929 1211 2996 conantur,
1231 2929 1262 2978 et
1281 2918 1428 2998 quamvis

161 3045 255 3087 cause
281 3023 483 3108 proprietatis
510 3023 576 3084 aive
600 3022 819 3106 perpetuitatis
843 3041 1120 3104 quarumcumque
1145 3041 1251 3084 rerum
1276 3035 1306 3083 et
1329 3042 1427 3103 nego·

161 3132 289 3193 ciorum
314 3130 456 3213 ipsorum
482 3129 600 3190 civium
617 3143 799 3191 nostrorum
816 3141 983 3209 tangentes
1000 3141 1030 3189 et
1047 3141 1273 3190 concernentes
1291 3127 1427 3190 debeant

158 3238 190 3298 in
221 3236 422 3320 presenciam
454 3235 595 3316 magistri
626 3234 884 3296 thavernicorum
907 3248 1089 3295 nostrorum
1113 3235 1292 3315 provocari,
1317 3247 1424 3297 tamen

159 3344 235 3426 quia
259 3361 373 3404 omnes
396 3341 582 3403 huiusmodi
607 3341 789 3402 differencie
813 3355 844 3402 et
864 3341 1078 3402 controversie
1100 3341 1227 3402 racione
1249 3341 1348 3422 ipsius
1366 3340 1426 3402 lori

158 3450 242 3511 inter
273 3463 377 3531 partes
409 3448 494 3530 ipsas
522 3447 621 3508 modo
645 3448 799 3530 premisso
822 3446 861 3507 de
885 3465 971 3508 novo
995 3448 1124 3508 suborte
1150 3461 1244 3528 atque
1269 3447 1426 3508 violencie

159 3573 189 3618 et
221 3556 351 3634 damna,
377 3553 557 3636 injurieque
589 3554 713 3615 noviter
746 3555 913 3614 subsecute
938 3573 994 3634 per
1018 3573 1077 3614 nos
1101 3567 1131 3615 et
1156 3567 1261 3614 nostre
1286 3553 1372 3633 regie
1397 3565 1427 3612 et

157 3660 197 3724 de
222 3661 311 3742 regia
336 3675 442 3723 nostra
467 3673 637 3742 protestate
662 3678 699 3720 ex
723 3660 821 3742 plano
846 3659 992 3738 revideri,
1017 3659 1258 3739 adiudicarique
1277 3672 1307 3719 et
1324 3659 1425 3719 deter-

158 3768 275 3830 minari
297 3779 437 3850 possent,
461 3785 502 3827 ne
526 3767 622 3848 igitur
645 3765 703 3827 hec
728 3766 943 3828 controversia
968 3765 1111 3847 parcium
1136 3765 1168 3825 in
1190 3765 1293 3825 maius
1318 3765 1449 3824 incen-·

158 3875 249 3936 dium
285 3887 317 3934 et
350 3873 529 3956 periculum
564 3887 679 3955 serpat,
711 3873 897 3953 maioraque
931 3871 1015 3932 mala
1051 3871 1133 3932 inter
1164 3891 1217 3932 eas
1241 3884 1425 3952 sequantur,

157 3979 266 4041 habita
291 3979 420 4041 racione
444 3979 541 4041 etiam
565 3979 719 4039 libertatis
740 3978 950 4039 ecclesiastice
968 3993 998 4038 et
1014 3977 1152 4038 maxime
1171 3977 1288 4058 jurium
1306 3975 1425 4058 prefate

157 4085 291 4148 ecclesie
323 4086 423 4148 sancti
454 4085 537 4166 regis
570 4084 734 4166 Stephani,
759 4085 849 4146 cuius
880 4103 939 4146 nos
967 4083 1093 4165 patroni
1127 4103 1248 4161 sumus,
1272 4097 1303 4142 et
1328 4101 1425 4163 quam

158 4213 242 4274 eque
272 4192 375 4274 ipsam
407 4192 567 4254 civitatem
592 4203 734 4253 nostram
759 4191 791 4252 in
815 4191 879 4252 suis
903 4191 993 4271 justis
1017 4189 1139 4268 juribus
1162 4203 1270 4250 tenere
1295 4201 1325 4248 et
1350 4207 1425 4248 con·

157 4317 284 4360 servare
309 4297 475 4377 debemus,
498 4297 666 4359 statuimus
689 4298 798 4358 omnia
822 4297 986 4378 premissa,
1003 4315 1199 4375 omnemque
1223 4294 1424 4354 occasionem

157 4419 188 4467 et
228 4403 484 4486 dependenciam
522 4403 746 4486 promissarum
787 4403 1074 4465 controversiarum
1111 4421 1146 4461 ac
1181 4400 1425 4479 violenciarum,

158 4511 443 4593 dampnorumque
460 4522 491 4571 et
507 4510 696 4571 iniuriarum
714 4510 794 4570 inter
811 4521 915 4590 partes
932 4509 1039 4568 denuo
1057 4507 1298 4568 commissatum
1310 4520 1340 4566 et
1353 4507 1425 4566 sub-

158 4631 302 4678 ortarum
328 4635 387 4677 nos
407 4615 467 4697 ipsi
484 4616 637 4694 revidere,
654 4615 842 4676 mandantes
859 4627 889 4675 et
910 4614 1144 4675 committentes
1162 4611 1304 4673 fidelitati
1323 4625 1425 4672 vestre

156 4725 238 4786 serie
262 4722 466 4805 presencium
490 4722 697 4800 strictissime,
715 4735 871 4802 quatenus
895 4719 1031 4802 acceptis
1054 4719 1254 4801 presentibus
1277 4737 1335 4800 pro
1360 4737 1425 4779 uno

156 4843 244 4892 certo
276 4843 308 4890 et
331 4828 420 4890 brevi
443 4827 582 4890 termino
606 4847 662 4911 per
686 4847 743 4889 vos
767 4827 886 4888 eisdem
912 4826 1055 4909 partibus
1079 4825 1247 4886 statuendo
1272 4837 1302 4886 et
1333 4823 1426 4906 prefi-

156 4935 265 5017 gendo
290 4933 331 4996 ad
355 4931 512 5016 prefatum
537 4933 713 5016 capitulum
739 4932 871 4994 ecclesie
888 4931 1112 5012 zagrabiensis,
1130 4943 1425 5010 consequenterque

156 5041 334 5124 predictam
351 5039 511 5102 civitatem
529 5052 670 5101 nostram
687 5039 805 5100 montis
823 5037 991 5100 Grecensis
1012 5037 1171 5113 accedere,
1190 5036 1296 5116 ibique
1314 5035 1426 5096 vicinis
