3752 5806
642 565 714 624 Duc.
725 577 757 640 5.
786 599 821 608 -
849 568 904 624 An.
927 578 1017 642 1500.
1442 591 1461 653 9

193 789 257 840 lihet
282 790 408 855 defuncti,
428 795 492 856 agat
520 791 757 845 reverendissimus
786 793 907 845 dominus
935 799 1028 846 noster
1053 795 1278 861 generosissimus
1309 813 1357 864 pro
1385 799 1462 852 honis

192 879 338 930 ecclessiae
357 894 423 930 suae
444 880 562 945 (huiusi)
575 881 708 933 violenter
726 881 867 934 abstractis
881 883 922 947 (ut
941 897 989 948 par
1002 889 1080 935 estet
1094 885 1197 951 debet),
1211 891 1302 938 contra
1317 889 1459 940 haeredem

194 971 218 1017 et
237 967 345 1019 indubie
371 969 412 1020 ius
432 969 485 1020 sihi
504 984 555 1020 non
580 970 763 1034 abnegabitur.
782 968 912 1023 Poterunt
931 977 1019 1024 autem
1038 972 1244 1026 Dominaciones
1264 981 1369 1026 vestrae
1389 991 1463 1027 reve-

194 1057 287 1108 rendae
309 1056 335 1108 in
354 1057 395 1108 his
416 1057 538 1108 omnibus
552 1063 634 1109 testes
648 1073 709 1109 esse
723 1059 815 1110 fideles
829 1060 902 1111 iuxta
915 1065 1034 1112 tenorem
1048 1061 1255 1125 protestationis
1269 1065 1462 1129 praescriptae,

193 1158 242 1195 nnn
261 1149 338 1196 esset
356 1151 498 1210 praeterea
518 1147 549 1197 ah
570 1161 606 1212 re,
620 1147 643 1197 si
663 1149 753 1198 eedem
773 1148 927 1212 exciperent
946 1161 978 1199 ex
998 1149 1117 1213 capitulo
1137 1149 1187 1201 hoc
1207 1156 1299 1203 nostro
1314 1153 1462 1217 exemplum

193 1234 346 1284 testamenti
367 1235 424 1285 siue
444 1235 577 1300 privilegii
598 1235 743 1286 confirmati
764 1249 845 1300 super
863 1237 941 1288 bonis
965 1236 1149 1290 haereditariis
1170 1238 1213 1289 isti
1236 1240 1352 1303 capitulo
1372 1255 1463 1306 ragra-

193 1321 276 1373 hiensi
306 1337 355 1386 per
373 1321 622 1375 reverendissimum
647 1325 711 1375 olim
736 1325 895 1376 cardinalem
921 1326 1028 1390 legatis,
1048 1327 1109 1378 dum
1136 1327 1197 1378 vivo
1218 1327 1321 1379 facilius
1349 1329 1374 1378 id
1395 1329 1464 1380 lactu

194 1415 273 1476 esset,
296 1425 339 1462 me
359 1413 481 1477 decesso,
502 1412 571 1463 torte
591 1411 733 1466 diiticilius.
747 1412 880 1464 Zamabor
903 1427 1009 1478 quoque
1029 1419 1055 1464 et
1075 1413 1185 1466 Kemlelr
1204 1415 1287 1466 maius
1308 1421 1464 1481 spectarent

194 1503 234 1562 (ut
254 1499 377 1564 noant),
398 1501 430 1550 ad
459 1501 604 1564 capitulum
624 1501 703 1562 istud,
724 1515 776 1552 uon
805 1506 878 1552 esset
908 1502 1084 1553 inconsultum
1104 1507 1236 1567 repetere.
1259 1503 1464 1569 Testamentum,

194 1585 313 1640 Oswaldl
333 1603 463 1654 nunquam
484 1603 535 1654 ego
555 1589 617 1655 vidi,
637 1589 663 1640 in
689 1591 832 1655 propatulo
851 1595 939 1641 lamen
964 1596 1015 1655 est,
1033 1605 1087 1642 rem
1108 1589 1184 1656 (lior)
1211 1589 1255 1642 llll
1275 1593 1356 1644 millia
1375 1599 1401 1645 et
1419 1593 1465 1645 vll

193 1674 275 1727 millia
295 1691 344 1740 per
363 1692 422 1728 eum
442 1679 473 1728 ad
495 1677 620 1730 fabricam
640 1679 736 1743 legatis
756 1677 796 1728 sic
815 1683 842 1728 ut
862 1678 980 1742 prelatus
998 1692 1105 1742 sum‚se
1117 1679 1258 1744 (habere);
1277 1683 1464 1733 testamentum

194 1777 257 1816 vern
278 1763 351 1815 Luce
371 1765 396 1815 in
417 1779 468 1830 qun
489 1767 521 1816 de
541 1764 597 1817 xvl
623 1766 747 1830 millibus,
768 1767 838 1816 nulla
856 1766 884 1816 fir
905 1764 1012 1832 mentio,
1032 1772 1196 1819 remanserat
1223 1769 1390 1822 inmanibus
1412 1771 1463 1835 pri-

192 1865 296 1903 morum
321 1853 379 1904 eius
406 1859 605 1919 exequutorum,
631 1855 800 1920 egregiorum
831 1855 956 1906 videlicet
980 1854 1143 1908 balthasaris
1175 1857 1322 1922 Batthyauy
1349 1859 1463 1910 senioris

193 1943 218 1990 et
243 1939 400 2006 Bernhardy
425 1943 457 1992 de
486 1941 641 2006 Thwrowcz,
662 1948 689 1993 et
714 1957 771 1993 cum
796 1943 836 1993 his
856 1942 1062 1994 Dominaciones
1088 1947 1192 1995 uestras
1221 1947 1379 1998 reverendas
1408 1947 1464 1998 leli·

193 2027 303 2079 cisslme
322 2030 348 2080 iu
367 2044 438 2081 novo
458 2031 508 2082 boc
527 2045 595 2082 anno
615 2035 642 2082 et
661 2045 768 2095 semper
786 2032 876 2082 valere
897 2031 985 2096 cupio.
1006 2029 1134 2098 strigonii
1154 2033 1195 2084 26.
1214 2033 1328 2099 januarii
1350 2034 1428 2086 15⁴0.

301 2115 516 2170 Dominationnm
534 2119 688 2170 vestrarum

683 2207 799 2258 servitor
816 2207 942 2272 Andreas,
962 2210 1064 2273 doctor,
1084 2209 1238 2276 prepositus
1260 2207 1463 2274 strigoniensis.

302 2312 345 2378 (P.
364 2311 406 2378 S.)
435 2314 574 2365 Caeterum
594 2314 668 2366 litem
687 2314 765 2365 aliam
786 2315 882 2365 nullam
902 2329 955 2380 ego
975 2329 1055 2380 super
1074 2317 1153 2366 rebus
1173 2314 1345 2379 praescriptis
1365 2321 1464 2368 molam

195 2401 311 2467 cuipiam
332 2402 399 2467 scio,
422 2407 617 2468 preterquam,
645 2405 715 2470 quod
741 2403 805 2454 olim
831 2405 929 2455 domini
953 2404 1121 2468 capitulares,
1150 2404 1242 2454 nescio
1269 2417 1320 2468 quo
1341 2404 1465 2470 consilio,

195 2491 404 2553 praetendentes
429 2505 477 2554 per
494 2505 543 2541 ‘me
568 2491 694 2556 pecunias
719 2505 768 2556 per
792 2492 951 2544 cardinalem
977 2491 1078 2543 ablatas
1105 2493 1137 2542 ab
1164 2491 1322 2542 haeredibus
1347 2491 1465 2543 eiusdem

195 2579 280 2641 repeti
301 2585 438 2646 oportere,
458 2583 566 2644 egerant
585 2593 686 2630 mecum
705 2579 778 2631 Rude
800 2580 826 2631 in
845 2583 910 2631 sede
929 2580 1020 2645 regiae
1043 2579 1189 2630 hlaiestatis
1210 2585 1237 2630 et
1263 2579 1312 2630 luit
1331 2579 1465 2630 delinitum

194 2681 241 2731 per
260 2667 430 2719 Maiestatem
456 2683 538 2734 suam,
564 2673 707 2733 praesente
732 2669 839 2720 domino
865 2667 1004 2720 Drobitele
1032 2673 1058 2719 et
1084 2668 1190 2720 domino
1217 2668 1406 2734 Praschowczy
1433 2683 1464 2720 ac

193 2757 299 2808 dndrea
331 2757 434 2821 deor,
455 2759 524 2822 quod
555 2771 588 2808 ex
615 2771 667 2820 quo
696 2757 838 2822 capitulum
865 2757 1038 2822 aagrabiense
1063 2755 1163 2807 iecerat
1188 2757 1414 2820 protestaclonem
1436 2758 1463 2808 in

195 2845 314 2910 capitulo
335 2846 520 2910 chasmensi,a
538 2861 580 2898 me
599 2847 647 2897 sed
667 2861 683 2896 a
702 2846 821 2911 capitulo
840 2846 965 2910 pecunias
986 2847 1122 2909 ademptas
1139 2859 1186 2910 per
1200 2845 1359 2896 cardinalem
1373 2845 1465 2910 luisse,

195 2935 265 2998 quod
287 2933 349 2999 quia
373 2933 516 3000 capitulum
544 2935 651 2986 volebat
670 2949 685 2984 a
704 2933 784 2986 Petro
804 2933 930 2998 Erdewdy
949 2938 1074 2998 tanquam
1099 2933 1213 2984 haerede
1234 2931 1386 2998 cardinalis,
1406 2934 1465 2986 illas

195 3022 342 3087 requirere,
355 3023 452 3074 nullam
475 3024 506 3074 ad
526 3025 591 3074 haec
611 3019 753 3086 capitulum
773 3024 912 3074 adversum
931 3037 972 3074 me
999 3021 1106 3072 habebit
1125 3020 1264 3087 actionem,
1284 3023 1330 3073 sed
1357 3022 1467 3074 deberet

193 3109 269 3162 iuxta
287 3113 515 3176 protestacionem
535 3127 614 3177 agere
635 3111 779 3176 capitulum
798 3127 855 3164 cum
875 3113 979 3177 prelato
999 3115 1090 3162 contra
1108 3109 1249 3161 haeredem
1269 3110 1374 3162 Petrum
1392 3111 1464 3161 vide-

195 3199 258 3251 licet
277 3199 413 3265 Erdewdy.

300 3291 361 3340 Act.
381 3288 445 3352 Cap.
466 3294 516 3340 ant.
536 3287 600 3341 iasc.
622 3289 679 3341 101.
700 3303 737 3341 nr.
758 3289 801 3341 20.

827 3519 860 3584 5.

300 3643 377 3695 Anno
398 3641 476 3708 1500,
495 3645 519 3697 2.
536 3641 612 3712 junii.
633 3643 731 3695 Budas.

196 3751 301 3828 Lucas,
326 3754 471 3826 eps'scopus
501 3754 707 3828 aagrabierrsis,
731 3753 858 3831 capitulo
888 3753 1072 3826 sagrabr'ensi
1096 3751 1224 3825 mandut,
1249 3760 1283 3808 ut
1306 3751 1465 3808 Antonium

195 3859 229 3915 de
251 3859 387 3930 Andreis,
417 3861 496 3938 regis
525 3862 715 3934 capellanum,
743 3861 878 3918 astituat
897 3859 1095 3933 praepositum
1126 3858 1258 3916 ecclesiae
1288 3857 1462 3914 cathedralis

730 3967 932 4041 sagrabicnsr's.

305 4087 514 4149 Venerabiles
533 4086 644 4149 iratres
661 4087 771 4166 nostri,
788 4087 935 4149 salutem.
954 4086 1110 4160 Quamvis
1136 4087 1206 4148 aliis
1223 4085 1335 4147 litteris
1352 4085 1466 4145 nostris

195 4193 296 4255 Vobis
322 4194 588 4256 mandaveramus
612 4215 652 4256 ne
678 4194 818 4275 aliquem
842 4193 952 4275 vigore
969 4193 1074 4274 gracie
1099 4193 1271 4274 spectative
1289 4210 1344 4252 seu
1363 4190 1465 4272 quali-

197 4319 336 4381 cumque
360 4319 398 4361 ex
422 4301 648 4362 commissione
677 4297 758 4361 infra
786 4299 960 4361 adventum
985 4310 1130 4360 nostrum
1154 4298 1193 4358 ad
1220 4297 1465 4359 chanonicatum

198 4404 316 4466 autad
341 4425 580 4486 quamcumque
613 4405 801 4487 dignitatem
826 4403 1034 4480 instalaretis;
1059 4417 1165 4465 tamen
1194 4417 1326 4465 vacante
1351 4421 1466 4484 prepo-

197 4512 293 4572 situra
325 4511 447 4573 maiore
479 4511 623 4573 eiusdem
660 4513 792 4574 ecclesie
824 4525 930 4573 nostre
955 4509 1173 4592 zagrabiensis
1204 4510 1244 4570 ad
1269 4509 1467 4570 colacionem

197 4617 406 4678 serrenisaimi
431 4617 513 4699 regis
537 4619 636 4679 nostri
662 4617 785 4679 doctori
803 4619 946 4679 Antonio
970 4617 1009 4678 de
1033 4616 1181 4694 Andreis,
1199 4615 1366 4698 capellano
1383 4615 1466 4676 eius-

197 4722 281 4803 dem,
306 4723 339 4784 in
371 4723 572 4805 prepositura
596 4724 776 4806 supradicta
801 4743 993 4786 consensum
1023 4723 1199 4804 benignum
1223 4722 1410 4804 prebuimus
1436 4733 1467 4781 et

197 4847 371 4892 assensum.
397 4829 506 4904 Quare
537 4849 603 4890 non
635 4831 847 4908 obstantibus,
871 4842 906 4890 ut
938 4849 1043 4910 supra,
1068 4828 1166 4889 literis
1191 4826 1234 4906 (et
1257 4825 1370 4909 eciam)
1394 4826 1466 4887 data

197 4935 433 5008 commissione,
457 4935 597 4996 eundem
620 4935 789 4997 dominum
813 4937 994 4997 Antonium
1019 4954 1074 4995 seu
1106 4947 1343 5015 procuratorem
1373 4952 1466 4993 suum

197 5038 390 5122 legittimum
414 5040 446 5100 in
471 5041 663 5102 antedictam
687 5043 921 5124 preposituram
945 5055 976 5102 et
992 5040 1110 5102 realem
1128 5039 1361 5121 possessionem
1381 5039 1464 5099 eius·
