3732 5802
576 547 650 610 Boc.
675 545 727 617 86,
751 546 799 624 87.
823 570 865 594 2-
889 551 947 608 An.
972 561 1057 624 1511.
1428 573 1467 634 93

201 771 382 851 continens,
406 775 438 837 fl.
454 773 476 836 l.
501 774 591 853 Item,
614 787 736 858 septem
760 774 956 858 potchelicze
980 775 1024 835 sic
1049 774 1143 854 dicte,
1169 776 1266 840 fl.111.
1291 778 1468 863 Carmasyn

201 875 293 940 flavei
331 893 362 940 et
395 879 510 942 diversi
546 880 662 942 coloris
696 881 727 944 fl.
756 881 805 965 ΙΙ..
848 880 937 959 ltem,
968 881 1096 942 sudaria
1131 881 1207 962 duo,
1243 904 1344 946 unum
1377 885 1468 948 flavei

201 985 330 1064 coloris,
354 985 444 1047 aliud
476 987 574 1065 rubri,
598 986 723 1069 pridem
758 983 910 1070 preciosis
945 987 1039 1049 rebus
1070 988 1208 1068 gemmis
1231 989 1414 1052 ordinatum
1439 1005 1470 1053 et

199 1103 397 1170 contextum,
429 1091 521 1154 fl.11.
553 1093 630 1154 Item
661 1112 861 1176 vyennenses
890 1093 999 1174 nigros
1030 1093 1071 1154 ad
1095 1093 1127 1155 fl.
1151 1094 1173 1156 1.
1214 1095 1293 1156 Tria
1329 1095 1467 1177 capitula

200 1216 258 1258 seu
288 1199 408 1260 cussini
441 1197 480 1258 de
504 1197 633 1262 thaliara
664 1199 750 1260 rubri
775 1198 892 1260 coloris
915 1199 990 1260 satis
1015 1199 1091 1260 boni
1117 1212 1148 1262 et
1170 1201 1283 1282 optimi
1307 1201 1347 1263 ad
1371 1203 1469 1264 altare

200 1303 411 1385 pertinentes.
436 1305 500 1366 Res
523 1317 554 1366 et
577 1305 661 1367 bona
686 1324 756 1366 mea
781 1317 895 1387 expeto
918 1324 936 1366 a
959 1303 1083 1386 prelato
1108 1305 1282 1368 Benedicto
1300 1307 1468 1391 Slatchycb

198 1409 259 1471 sibi
281 1429 340 1491 per
363 1429 415 1472 me
437 1411 595 1492 assignata
618 1411 659 1472 ad
683 1429 797 1472 manus
820 1430 902 1472 suas.
924 1411 1012 1489 ltem,
1029 1425 1197 1492 argentum
1225 1432 1298 1474 curn
1316 1433 1379 1476 una
1396 1435 1466 1496 par-

201 1515 299 1577 ticula
326 1517 489 1598 pertinens
513 1515 553 1578 ad
578 1517 765 1580 cambucam
782 1516 917 1580 ferream
933 1517 1020 1598 wlgo
1033 1517 1224 1600 bwzdogan,
1237 1521 1354 1582 valoris
1372 1520 1402 1582 fl.
1420 1521 1468 1606 Ἃ.

308 1657 445 1722 originale
472 1657 498 1708 in
518 1660 616 1710 charta.
636 1657 664 1708 ln
684 1659 754 1710 arclt.
773 1658 868 1711 beced.
888 1655 959 1712 Slav.
978 1659 1070 1710 merld.
1089 1655 1129 1710 lll
1144 1661 1167 1712 d.

812 1942 875 2008 86.

304 2081 380 2132 Anno
403 2080 478 2148 1511,
497 2084 522 2136 4.
538 2082 660 2148 jannarli.
684 2081 758 2135 Calli.

196 2207 355 2269 Emen‘eus
385 2205 415 2267 T
410 2210 504 2285 herek,
522 2209 614 2267 banus
636 2209 894 2280 Nandaralbensis‚
911 2211 1014 2270 literas
1037 2211 1140 2270 scribet
1153 2177 1253 2287 iudici
1273 2213 1463 2289 sagrabiensi,

279 2323 315 2372 ut
334 2315 391 2373 sibi
408 2315 512 2373 reddat
530 2317 642 2373 dmum
666 2318 698 2375 in
713 2317 820 2391 fiscum
843 2317 1057 2375 communitatis
1079 2315 1208 2377 crot'totis
1231 2317 1385 2379 redactam.

308 2452 548 2536 Circumspecte
579 2475 615 2516 ac
647 2455 788 2536 prudens
816 2455 864 2516 vir
890 2467 920 2516 et
944 2455 1044 2516 amice
1069 2455 1194 2518 dilecte.
1219 2455 1354 2520 Constat
1377 2457 1469 2519 vobis

197 2559 338 2640 qualiter
370 2559 426 2622 illo
450 2559 584 2622 domum
608 2571 749 2622 nostram
775 2561 808 2622 in
832 2559 976 2622 medium
1001 2561 1095 2622 vestri
1120 2561 1307 2624 existentem
1332 2561 1469 2624 anobis

91 2675 96 2684 ·
197 2665 307 2726 minus
330 2665 411 2727 iuste
436 2677 467 2726 et
491 2665 633 2728 indebite
656 2666 872 2746 abstolleritis,
898 2687 971 2728 cum
989 2679 1096 2729 autem
1116 2687 1174 2729 nos
1190 2668 1230 2730 de
1247 2669 1341 2730 rebus
1358 2669 1469 2730 vestris

196 2789 284 2833 nunc
326 2771 451 2832 Budam
483 2771 622 2834 devectis
653 2773 829 2834 contentari
864 2785 1058 2854 poteramus,
1092 2785 1200 2836 tamen
1230 2793 1267 2834 ex
1300 2793 1365 2855 quo
1397 2775 1469 2835 talis

196 2877 321 2938 amicus
344 2897 436 2938 meus
458 2877 542 2958 estis,
566 2877 689 2940 idmodi
714 2877 816 2940 facere
841 2877 1025 2954 noluimus;
1049 2877 1279 2940 nichilominus
1301 2879 1340 2940 de
1363 2893 1468 2942 cetero

197 2983 472 3065 quandocumque
503 2985 641 3066 reperire
675 2984 852 3067 poterimus
883 2983 978 3066 ipsas,
1002 2997 1057 3046 aut
1091 2996 1210 3046 vestras
1233 2999 1288 3046 aut
1314 3005 1468 3066 quorum·

198 3109 341 3171 cumque
373 3109 432 3168 res,
456 3089 528 3151 illas
561 3109 619 3172 pro
652 3089 794 3152 indebita
824 3091 1014 3172 accepcione
1039 3103 1070 3152 et
1092 3091 1209 3152 iniusta
1233 3091 1332 3173 ipsius
1355 3091 1471 3153 domus

197 3215 269 3256 mee
294 3195 435 3278 recipere
459 3207 490 3258 et
513 3197 657 3258 arrestari
685 3196 877 3258 curabimus.
903 3197 1069 3278 Rogamus
1094 3197 1190 3278 igitur
1214 3216 1283 3276 vos,
1309 3209 1343 3258 ut
1367 3197 1468 3279 ipsam

198 3301 336 3363 domum
367 3314 509 3364 nostram
539 3302 633 3364 nobis
665 3301 831 3365 rectificari
865 3303 980 3382 velitis,
1003 3302 1149 3384 alioquin
1181 3323 1240 3364 nos
1272 3302 1303 3363 in
1326 3303 1469 3386 dampno

198 3427 389 3490 permanere
423 3408 573 3470 volumus
601 3409 745 3470 minime.
771 3409 818 3469 Ex
843 3408 915 3470 Call
939 3410 1072 3471 sabbato
1096 3421 1168 3490 post
1192 3409 1309 3470 festum
1335 3410 1469 3470 circum-

199 3513 331 3576 cisionis
354 3513 498 3578 Domini.
522 3519 619 3577 Anno
648 3536 738 3595 1511.

699 3639 866 3701 Emericus
889 3638 1030 3716 Therek,
1051 3639 1157 3699 'banus
1182 3638 1466 3700 Nandoralbensis.

305 3779 338 3842 (Α
357 3779 455 3858 tepgol.
487 3761 729 3844 Circumspecto
760 3781 795 3823 ac
827 3761 976 3843 prudenti
1009 3761 1078 3822 viro
1111 3761 1248 3822 iohanni
1276 3761 1383 3823 Siwan
1408 3761 1469 3823 civi

201 3867 339 3930 civitatis
362 3868 481 3930 montis
505 3867 685 3948 Grecensis,
707 3869 811 3930 amico
836 3867 931 3929 nobis
953 3866 1154 3928 honorando

314 4007 450 4073 Originale
474 4007 501 4060 in
525 4009 623 4060 charta.
651 4009 672 4059 11
696 4012 772 4072 tergo
800 4009 956 4071 impressum
980 4012 1026 4058 =est
1054 4005 1176 4072 sigillum.
1207 4007 1233 4058 ln
1258 4007 1327 4059 arch.
1348 4009 1392 4058 lib.
1414 4023 1470 4073 reg.

200 4097 308 4162 aagrab.

807 4290 866 4357 et.

307 4432 381 4484 Anno
404 4431 479 4496 1511,
501 4432 523 4482 1,
544 4429 678 4482 februarii.
697 4427 854 4494 Zagrabiae.

200 4561 310 4619 Coram
331 4561 507 4634 magistratu
530 4559 657 4615 civitatis
679 4559 782 4616 ntontt's
806 4557 954 4616 Grecensis
976 4559 1047 4615 eroes
1071 4555 1192 4632 quidam
1213 4565 1357 4617 testantur
1371 4559 1471 4616 Etiam

243 4667 279 4724 de
307 4665 451 4723 Cirkor'ile
473 4665 587 4722 nimam
610 4682 629 4719 a
657 4665 808 4722 Valentino
832 4665 925 4721 Petak
947 4665 1075 4721 molitore
1098 4660 1121 4721 6
1133 4665 1203 4738 sior.
1226 4684 1295 4722 sane
1318 4666 1423 4725 emisse.

310 4805 377 4866 Nos
390 4802 529 4865 Michael
545 4802 630 4864 filius
646 4801 813 4880 Anthonii,
826 4801 932 4883 judex,
950 4802 1149 4882 Valentinus,
1165 4801 1335 4885 Georgius,
1349 4803 1471 4883 Petrus,

197 4911 397 4994 Stephanus,
421 4909 593 4988 Fabianus,
617 4908 764 4988 Mathias,
781 4907 926 4970 Thomas
951 4922 981 4970 et
999 4907 1158 4990 Georgius
1174 4908 1280 4991 jurati,
1297 4909 1470 4971 consiliarii

197 5032 231 5080 et
255 5017 399 5079 universi
425 5017 510 5078 cives
533 5015 669 5077 civitatis
693 5017 811 5076 montis
836 5014 1014 5077 Grecensis.
1034 5016 1189 5078 Memorie
1208 5015 1473 5078 commendamus
