3732 5802
371 530 412 592 80
801 533 872 594 Doc.
895 545 942 609 75.
968 566 1006 576 -
1032 534 1089 594 An.
1113 544 1201 608 1510.
1292 534 1296 542 '

369 772 423 820 tue
454 760 600 838 civitatis,
624 760 714 822 cuius
744 759 874 838 fructus,
898 759 1043 822 redditus
1066 773 1097 821 et
1121 771 1294 840 proventus
1319 773 1431 820 tenues
1455 757 1636 819 admodum

371 879 426 926 aut
457 865 536 927 nulli
568 881 651 944 sunt,
676 879 707 927 et
730 867 818 947 quod
842 869 956 928 abbate
982 881 1013 928 et
1037 879 1197 927 conventu
1223 879 1316 942 caret,
1342 865 1422 926 ordo
1446 863 1637 925 huiusmodi

373 985 529 1054 perpetuo
553 972 814 1054 supprimeretur,
832 986 863 1034 et
880 972 919 1034 ad
937 972 1079 1034 eiusdem
1098 971 1281 1032 monasterii
1300 971 1478 1048 ecclesiam,
1494 969 1639 1050 quedam

371 1077 562 1160 parochialis
586 1078 717 1140 ecclesia
743 1079 774 1139 in
798 1079 871 1141 loco
895 1079 934 1140 ad
959 1079 1200 1161 propugnacula
1218 1077 1403 1138 huiusmodi
1421 1075 1637 1138 construenda

371 1184 549 1245 necessario
573 1184 759 1263 consistens,
777 1205 849 1246 cum
874 1186 1024 1247 omnibus
1048 1185 1170 1245 iuribus
1187 1199 1217 1244 et
1233 1183 1438 1266 pertinenciis
1455 1183 1520 1243 suis
1536 1195 1639 1243 trans·

372 1287 500 1367 feretur,
525 1289 688 1371 ipsiusque
719 1290 910 1372 parochialis
943 1289 1075 1352 ecclesie
1100 1289 1224 1350 edificia
1248 1309 1344 1373 parva
1368 1303 1399 1350 et
1422 1289 1497 1350 satis
1520 1289 1639 1349 rustica

373 1395 604 1458 demolirentur
627 1415 683 1456 seu
705 1396 784 1458 alias
805 1416 840 1457 ea
866 1410 896 1456 et
912 1397 1002 1458 locus
1019 1397 1085 1479 ipse
1103 1396 1134 1456 in
1149 1414 1243 1458 usum
1260 1409 1290 1455 et
1306 1393 1459 1456 fabricam
1476 1393 1639 1456 dictorum

373 1501 689 1584 propugnaculorum
706 1502 925 1584 redigerentur
941 1517 972 1564 et
988 1514 1267 1576 converterentur;
1288 1514 1319 1562 et
1335 1520 1408 1562 cum
1424 1501 1506 1562 sicut
1523 1499 1639 1562 eadent

374 1607 492 1691 peticio
527 1608 751 1689 subiungebat,
787 1609 820 1669 in
851 1621 917 1670 tota
948 1622 1001 1670 tua
1033 1608 1153 1670 diocesi
1187 1621 1391 1690 preterquam
1422 1606 1518 1668 unius
1549 1605 1640 1667 chas-

373 1713 492 1776 mensis
515 1713 681 1795 collegiate
703 1734 738 1774 ac
762 1713 927 1775 cuiusdam
953 1715 1148 1792 monasterii,
1166 1712 1254 1794 quod
1278 1713 1378 1774 modo
1399 1733 1417 1773 a
1439 1712 1528 1773 laicis
1544 1732 1640 1772 occu-

373 1835 477 1902 patur,
508 1819 596 1881 nulle
629 1839 764 1901 persone
796 1821 828 1882 in
863 1820 1074 1882 ecclesiastica
1104 1821 1259 1901 dignitate
1291 1819 1460 1881 constitute
1493 1818 1641 1895 existant,

374 1926 491 2007 quibus
515 1945 607 1987 cause
631 1946 649 1986 a
672 1925 746 1988 sede
764 1927 938 2008 apostolica
959 1927 1115 1988 committi
1141 1927 1272 2008 possint,
1287 1926 1313 1986 si
1332 1926 1404 2007 quis
1420 1945 1478 2006 pro
1494 1938 1642 2007 tempore

375 2032 512 2094 existens
535 2044 637 2094 rector
661 2031 744 2094 dicte
767 2031 985 2094 transferende
1010 2032 1153 2110 ecclesie,
1169 2045 1340 2113 postquam
1365 2031 1516 2092 translata
1533 2029 1642 2108 fuerit,

376 2151 490 2200 extunc
514 2138 555 2200 de
579 2151 683 2200 cetero
707 2139 870 2220 perpetuis
896 2137 1010 2200 futuris
1025 2139 1224 2220 temporibus
1240 2138 1421 2220 prepositus
1437 2151 1644 2220 nuncupetur

376 2244 417 2306 ad
441 2243 588 2305 effectum
612 2257 647 2304 ut
670 2243 699 2304 ei
723 2258 877 2325 tanquam
901 2263 1036 2326 persone
1061 2244 1094 2305 in
1121 2244 1275 2324 dignitate
1292 2243 1504 2305 ecclesiastica
1521 2244 1642 2305 consti·

375 2362 452 2428 tute,
469 2368 562 2410 cause
586 2369 603 2410 a
627 2349 701 2409 sede
726 2349 865 2430 predicta
890 2350 1046 2412 committi
1071 2349 1203 2432 possint,
1221 2350 1252 2410 in
1280 2349 1435 2431 dignitate
1454 2350 1644 2411 huiusmodi

376 2454 566 2516 constitutus
590 2467 771 2530 censeatur;
805 2455 957 2536 quodque
982 2457 1098 2536 aliquis
1123 2477 1160 2517 ex
1184 2455 1384 2536 zagrabiensi
1408 2469 1439 2516 et
1462 2456 1643 2517 chasmensi

376 2560 581 2622 ecclesiarum
606 2561 819 2642 predictarum
845 2562 1007 2623 canonicis
1032 2561 1248 2644 parochialem
1274 2561 1441 2623 ecclesiam
1465 2561 1643 2643 predictam

376 2681 407 2726 et
430 2665 529 2746 ipsius
552 2665 741 2747 parochialis
768 2667 900 2728 ecclesie
925 2681 1037 2746 rector,
1062 2667 1117 2748 qui
1142 2687 1200 2749 pro
1224 2679 1369 2748 tempore
1395 2665 1523 2744 fuerint,
1550 2687 1645 2728 cano-

376 2772 516 2832 nicatum
542 2787 572 2832 et
596 2773 791 2853 prebendam
817 2774 849 2834 in
874 2773 982 2854 aliqua
1007 2795 1043 2835 ex
1070 2773 1162 2834 dictis
1186 2774 1383 2854 zagrabiensi
1408 2786 1439 2833 et
1463 2773 1645 2833 chasmensi

377 2877 518 2938 ecclesiis
549 2877 693 2939 obtinere
719 2898 785 2939 non
809 2879 909 2960 possit
932 2893 1122 2941 statueretur
1145 2892 1176 2939 et
1200 2879 1411 2955 ordinaretur,
1435 2877 1581 2959 profecto
1608 2900 1646 2939 ex

377 2981 437 3042 hoc
473 2984 687 3063 zagrabiensis
722 2984 923 3045 indemnitati
960 2999 990 3046 et
1025 2985 1112 3046 illius
1142 3003 1177 3045 ac
1209 2983 1400 3065 parochialis
1435 2984 1646 3044 ecclesiarum

377 3088 591 3170 predictarum
608 3089 702 3150 statui
720 3071 792 3150 cum
810 3090 910 3150 divini
928 3091 1031 3151 cultus
1048 3103 1221 3171 augmento
1239 3103 1269 3150 et
1286 3107 1497 3170 personarum
1513 3089 1646 3151 illarum

377 3195 520 3276 parcium
549 3214 607 3276 pro
639 3195 761 3257 iusticie
793 3196 970 3258 ministerio
1002 3195 1041 3257 ad
1072 3195 1181 3257 sedem
1215 3194 1390 3277 predictam
1414 3215 1473 3278 pro
1498 3209 1647 3278 tempore

378 3299 607 3361 recurrentium
628 3300 912 3363 commoditatibus
928 3315 1087 3382 oportune
1104 3301 1333 3364 consuleretur.
1352 3300 1461 3374 Quare
1478 3321 1538 3383 pro
1555 3315 1646 3384 parte

378 3418 431 3467 tua
459 3405 552 3467 nobis
583 3403 643 3467 fuit
672 3405 836 3468 humiliter
859 3407 1086 3489 supplicatum,
1110 3420 1146 3468 ut
1169 3407 1225 3468 tibi
1249 3406 1397 3468 ordinem
1421 3407 1648 3489 supprimendi

379 3525 410 3572 et
441 3511 654 3592 parochialem
689 3512 855 3573 ecclesiam
885 3513 1069 3574 huiusmodi
1100 3511 1311 3574 transferendi
1343 3525 1374 3572 et
1405 3512 1494 3574 illius
1518 3513 1648 3574 edificia

379 3617 528 3678 demoliri
553 3616 699 3695 faciendi,
717 3637 818 3698 eaque
842 3639 877 3678 ac
898 3618 1005 3679 locum
1031 3619 1136 3700 ipsum
1161 3619 1193 3678 in
1218 3637 1312 3678 usum
1337 3632 1368 3679 et
1385 3616 1542 3679 fabricam
1563 3619 1647 3682 redi-

378 3723 475 3804 gendi
500 3736 530 3783 et
556 3724 773 3803 convertendi,
790 3745 825 3785 ac
851 3739 953 3787 cetera
978 3725 1137 3788 statuendi
1162 3739 1194 3786 et
1217 3723 1400 3804 ordinandi,
1416 3738 1452 3785 ut
1476 3725 1648 3807 prefertur,

379 3829 544 3890 licenciam
576 3843 607 3890 et
636 3829 817 3891 facultatem
843 3831 1029 3910 concedere,
1053 3833 1195 3912 aliasque
1221 3832 1253 3892 in
1277 3831 1439 3914 premissis
1463 3847 1648 3913 opportune

380 3935 547 4015 providere
572 3935 610 3994 de
637 3935 832 4016 benignitate
857 3938 1032 4019 apostolica
1056 3937 1273 4018 dignaremur.
1291 3934 1364 3998 Nos'
1383 3937 1480 4017 igitur
1500 3939 1592 4018 pium
1617 3950 1650 3997 et

381 4037 541 4099 laudabile
572 4053 664 4100 tuum
697 4041 889 4103 desiderium
921 4043 1105 4104 huiusmodi
1139 4043 1316 4124 plurimum
1341 4043 1372 4104 in
1398 4043 1534 4104 domino
1560 4062 1649 4104 com-

382 4144 578 4223 mendantes,
609 4160 704 4226 teque
736 4167 752 4207 a
785 4149 951 4228 quibusvis
983 4149 1341 4228 excommunicacionis,
1366 4149 1587 4230 suspensionis
1618 4162 1650 4210 et

383 4249 550 4328 interdicti,
575 4252 710 4332 aliisque
743 4253 962 4314 ecclesiasticis
992 4257 1172 4336 sentenciis,
1197 4257 1339 4318 censuris
1366 4269 1397 4316 et
1422 4255 1514 4336 penis
1537 4275 1555 4315 a
1578 4255 1648 4316 iure

383 4353 433 4412 vel
458 4357 496 4415 ab
522 4355 652 4418 homine
676 4359 788 4438 quavis
812 4361 979 4421 occasione
1006 4361 1056 4422 vel
1075 4383 1168 4424 causa
1188 4363 1269 4441 latis,
1286 4363 1312 4424 si
1329 4363 1447 4443 quibus
1464 4357 1650 4442 quomodo-

384 4455 461 4517 libet
497 4460 667 4522 innodatus
706 4463 822 4542 existis,
855 4465 895 4526 ad
930 4467 1079 4528 effectum
1118 4468 1319 4549 presencium
1350 4468 1505 4529 duntaxat
1536 4487 1650 4528 conse-

385 4562 558 4642 quendum,
591 4564 702 4628 harum
736 4571 814 4630 serie
848 4573 1050 4635 absolventes
1081 4588 1112 4634 et
1142 4574 1327 4635 absolutum
1362 4573 1430 4636 fore
1468 4589 1650 4652 consentes,

384 4665 445 4724 tuis
469 4667 500 4726 in
525 4669 582 4731 hac
605 4687 691 4752 parte
715 4675 1008 4756 supplicacionibus
1032 4679 1175 4741 inclinati
1199 4679 1257 4741 tibi
1283 4680 1430 4742 ordinem
1457 4681 1489 4741 in
1513 4681 1651 4762 antiquo

386 4774 577 4834 monasterio
610 4777 829 4858 supprimendi
866 4797 896 4842 et
931 4784 956 4843 si
988 4785 1029 4844 ad
1060 4784 1121 4846 hoc
1154 4786 1262 4848 dilecti
1295 4785 1353 4847 filii
1385 4786 1532 4847 moderni
1566 4787 1651 4848 dicte

386 4873 574 4951 parochialis
598 4883 728 4944 ecclesie
752 4887 882 4948 rectoris
906 4909 1071 4971 expressus
1095 4893 1224 4954 accedat
1247 4911 1405 4970 assensus,
1429 4893 1533 4973 ipsam
1557 4912 1652 4973 paro-

388 4973 520 5038 chialem
559 4986 721 5048 ecclesiam
762 5011 834 5052 cum
873 4995 1024 5056 omnibus
1060 4998 1182 5059 iuribus
1214 5012 1245 5060 et
1276 4999 1485 5080 pertinenciis
1518 4999 1586 5059 suis
1619 4999 1652 5060 in
