3808 5792
687 568 758 628 Doc.
785 563 852 644 187.
875 599 917 610 -
941 568 998 628 An.
1023 577 1112 642 1523.
1468 583 1528 645 235

178 791 182 799 '
267 795 416 854 buterum
452 783 530 873 ipsis
565 810 714 853 concessa
748 805 779 852 et
811 810 868 872 per
906 779 1145 853 serenissimum
1185 791 1322 854 condam
1361 790 1530 856 dominum

267 891 552 977 Mathiarnregem
576 896 837 978 predecessorem
862 910 1004 958 nostrum
1031 894 1133 956 felicis
1157 897 1313 958 memorie
1335 895 1531 976 confirmata,

266 1020 325 1063 nos
348 1021 478 1083 quoque
497 993 645 1082 'graciose
670 1021 727 1083 per
750 1001 828 1062 alias
851 1001 972 1064 litteras
996 1014 1119 1063 nostras
1143 999 1414 1064 confirmavimus.
1440 1002 1529 1078 Quo-

267 1101 348 1168 circa
371 1100 730 1169 mandamus'lidelitati
764 1115 864 1168 ve'stre
898 1121 928 1170 et
963 1119 1104 1170 vestrum
1141 1105 1273 1169 cuilibet
1308 1107 1419 1170 harum
1452 1108 1532 1170 serie

267 1211 409 1290 firmiter,
433 1225 468 1274 ut
491 1201 642 1294 deinceps
666 1212 805 1294 prefatos
839 1213 924 1274 cives
947 1226 979 1274 et
1012 1212 1242 1276 inhabitatores
1277 1209 1360 1274 dicte
1397 1213 1532 1275 civitatis

267 1332 374 1379 nostre
398 1318 516 1379 montis
540 1317 711 1380 Grecensis
734 1317 1008 1400 quociescumque
1033 1317 1073 1380 ad
1098 1317 1169 1380 loca
1192 1317 1385 1380 tributorum
1410 1332 1440 1380 et
1464 1319 1531 1382 the-

267 1423 437 1484 loneorum
463 1443 535 1486 cum
558 1423 624 1486 suis
647 1425 742 1485 rebus
766 1437 796 1485 et
819 1425 979 1487 mercibus
1003 1423 1206 1506 pervenerint
1228 1421 1358 1485 eosdem
1383 1425 1423 1486 ab
1442 1425 1531 1486 omni

267 1529 432 1590 solucione
456 1542 620 1610 exemptos
643 1543 674 1591 et
699 1543 901 1612 supportatoa
925 1530 1041 1592 habere
1067 1543 1097 1592 et
1122 1529 1239 1592 liberos
1273 1545 1412 1590 unacum
1437 1529 1532 1592 rebus

268 1647 298 1694 et
321 1635 481 1697 mercibus
504 1655 539 1696 ac
563 1633 634 1695 aliis
667 1634 760 1695 bonis
791 1653 903 1698 eorum
935 1636 1192 1716 quibuscumque
1224 1633 1312 1695 abire
1345 1634 1533 1715 permittatis

268 1752 299 1800 et
321 1739 461 1820 permitti
486 1737 608 1801 faciatis
629 1741 735 1821 gracie
767 1753 873 1802 nostre
904 1743 963 1802 sub
994 1741 1137 1804 obtentu.
1174 1739 1272 1801 Secus
1307 1757 1371 1799 non
1408 1737 1519 1800 facturi

224 1925 227 1932 ι
268 1843 471 1906 Presentibus
493 1845 650 1927 perlectis,
675 1844 836 1908 exhibenti
860 1846 1023 1908 restitutis.
1042 1845 1160 1908 Datum
1185 1845 1275 1907 Bude
1293 1845 1324 1906 in
1343 1841 1423 1906 festo
1441 1846 1532 1906 beate

269 1950 368 2013 Marie
393 1951 595 2031 Magdalene.
620 1955 716 2012 Anno
748 1950 871 2012 domini
908 1951 1082 2014 millesimo
1121 1950 1381 2033 quingentesimo
1416 1951 1529 2031 vigesi-

268 2075 324 2117 mo
346 2069 455 2119 tercio.
1386 2067 1390 2072 '

374 2177 510 2242 originale
530 2175 556 2229 in
575 2177 674 2230 charta.
695 2179 721 2230 ln
742 2179 858 2245 margine
878 2179 997 2231 lalerioti
1018 2179 1174 2244 inpressum
1188 2183 1229 2232 est
1243 2178 1368 2244 sigillum.
1385 2177 1411 2230 ln
1432 2179 1530 2229 archiv.

269 2267 327 2318 incl.
347 2267 443 2318 Accad.
463 2266 547 2317 scient
576 2265 679 2320 Slavor.
699 2267 791 2320 urerid.

857 2552 937 2620 187.

374 2707 448 2757 Anno
468 2705 544 2758 152³.
568 2707 607 2760 16.
627 2708 757 2788 octobris,
776 2707 932 2774 Zagrabiae.

276 2851 437 2924 Capitulum
459 2837 576 2925 aagrab.
592 2851 798 2928 fundationem
821 2854 948 2910 altariae
971 2855 1001 2914 tir
1032 2853 1147 2919 ccclesia
1175 2853 1338 2912 cathedrali
1366 2872 1385 2909 a
1413 2853 1534 2930 joanne

501 2959 535 3014 de
564 2959 673 3016 Resnr'k
688 2941 904 3033 praebendario
926 2931 1106 3018 constitutam
1126 2959 1311 3038 comprobat„

376 3113 564 3196 Capitulum
599 3115 732 3177 ecclesie
768 3116 993 3199 zagrabiensis.
1030 3115 1191 3178 Omnibus
1227 3113 1346 3178 Christi
1384 3113 1532 3176 fidelibus

271 3221 470 3301 presentibus
501 3233 531 3281 et
567 3220 681 3284 futuris
716 3223 918 3304 presencium
955 3221 1109 3282 noticiam
1144 3220 1300 3284 habituris
1332 3220 1467 3282 salutem
1501 3220 1532 3280 in

271 3326 416 3386 omnium
441 3325 608 3387 salvatore.
635 3327 685 3387 Ad
709 3327 932 3389 universorum
959 3327 1109 3388 noticiam
1142 3326 1254 3388 harum
1279 3326 1359 3388 serie
1384 3327 1534 3387 volumus

272 3431 456 3512 pervenire:
481 3431 568 3512 quod
594 3451 667 3494 cum
689 3452 747 3494 nos
772 3432 848 3496 feria
874 3412 984 3514 quinta
1009 3433 1153 3514 proxima
1185 3445 1256 3492 ante
1282 3430 1397 3492 festum
1430 3432 1532 3492 sancti

272 3537 426 3598 iohannis
448 3537 583 3618 baptiste
608 3539 752 3620 proxime
776 3539 973 3620 preteritum,
987 3552 1116 3620 propter
1133 3551 1232 3598 certas
1250 3557 1360 3600 causas
1376 3551 1407 3598 et
1431 3537 1530 3598 ardua

273 3643 403 3723 negocia
426 3656 531 3703 nostra
555 3656 587 3704 et
610 3643 741 3705 ecclesie
766 3658 871 3706 nostre
906 3643 1105 3726 expedienda
1140 3643 1179 3704 ad
1216 3643 1343 3725 pulsum
1381 3662 1533 3725 campane

272 3748 486 3830 capitulariter
510 3750 691 3829 congregati
710 3749 889 3827 fuissemus,
903 3763 978 3810 tunc
995 3749 1192 3812 honorabilis
1210 3749 1361 3810 dominus
1374 3748 1535 3810 lohannes

272 3855 425 3937 presbiter
449 3853 487 3914 de
513 3855 645 3937 Reznyk
670 3855 900 3936 prebendarius
924 3855 1010 3916 chori
1037 3854 1169 3916 ecclesie
1194 3868 1300 3916 nostre
1318 3854 1534 3936 zagrabiensis

272 3972 423 4042 pretacte,
447 3959 540 4020 nobis
564 3979 688 4020 summa
716 3965 799 4021 'cum
825 3959 1006 4021 reverencia
1031 3973 1061 4021 et
1096 3959 1276 4022 humilitate
1312 3978 1469 4042 exponere
1505 3971 1535 4019 et

272 4065 420 4146 detegere
445 4065 565 4126 curavit
590 4065 620 4125 in
645 4064 730 4126 hunc
755 4066 907 4128 modum:
940 4065 1077 4147 qualiter
1108 4065 1174 4146 ipse
1208 4065 1319 4126 divino
1356 4065 1456 4145 magis
1488 4065 1534 4125 in-

272 4183 407 4233 structus
431 4187 521 4248 nutu,
545 4189 642 4251 quam
667 4171 810 4233 humano
847 4171 944 4234 fretus
968 4171 1103 4232 consilio
1127 4171 1167 4232 ad
1191 4171 1292 4232 divini
1325 4172 1429 4232 cultus
1458 4191 1535 4251 aug·

273 4291 416 4338 mentum
441 4289 472 4337 et
495 4277 666 4358 singularis
690 4277 876 4338 devocionis
899 4277 1046 4339 affectum
1071 4296 1129 4359 pro
1154 4277 1384 4338 consecucione
1410 4276 1534 4337 celestis

273 4383 373 4465 patrie
397 4401 455 4464 pro
479 4383 612 4443 terrenis
636 4395 667 4444 et
701 4383 892 4444 transitoriis
927 4383 1053 4445 celestia
1086 4383 1277 4444 commutari
1309 4383 1451 4463 cupiens,
1478 4381 1535 4442 do·

273 4507 362 4548 mum
386 4487 614 4569 prebendalem
639 4489 670 4550 in
696 4508 759 4570 qua
784 4509 868 4550 nunc
893 4490 1026 4570 ipsemet
1050 4489 1211 4566 resideret,
1247 4488 1325 4548 alias
1356 4507 1432 4549 vero
1467 4487 1535 4568 ple·

274 4595 374 4655 banus
398 4607 429 4654 et
452 4608 554 4656 rector
577 4595 710 4656 ecclesie
735 4595 833 4656 sancti
860 4595 997 4656 Emerici
1023 4595 1124 4674 ducis,
1160 4609 1235 4656 tunc
1260 4595 1292 4655 in
1324 4613 1397 4656 area
1429 4605 1534 4655 nostra

272 4699 438 4780 capitulari
463 4713 641 4761 constructe
666 4715 696 4762 et
719 4700 825 4762 habire
849 4721 907 4782 pro
933 4715 1076 4782 tempore
1099 4701 1291 4762 constitutus
1325 4699 1533 4760 residenciam

273 4819 304 4867 et
327 4825 449 4866 moram
476 4803 578 4866 facere
601 4806 764 4868 habuisset
787 4807 983 4884 continuam,
1008 4807 1058 4867 cui
1084 4807 1232 4868 videlicet
1269 4805 1381 4866 domui
1407 4805 1446 4866 ab
1471 4805 1535 4864 ori·

274 4911 367 4972 entali
392 4924 528 4972 teatrum
550 4925 582 4973 et
604 4932 676 4973 area
701 4927 807 4974 nostra
832 4912 1023 4993 capitularis,
1049 4933 1065 4972 a
1100 4911 1302 4974 meridionali
1336 4910 1535 4972 honorabilis

274 5016 396 5080 domini
423 5017 588 5079 Michaelis
612 5019 725 5081 Berlek
750 5019 895 5081 similiter
919 5018 1122 5100 prebendarii
1141 5018 1228 5080 chori
1246 5030 1385 5100 pretacte
1404 5017 1534 5079 ecclesie
