3752 5806
240 848 281 901 59.
308 839 384 886 Anno
406 837 481 902 1508,
502 835 681 905 1511111111.
700 839 798 892 Budae.
826 840 985 900 Vladlslaus,
1010 843 1161 906 Hungariae
1186 849 1234 894 etc.
1254 857 1306 906 rex,
1326 858 1397 908 prae·

310 926 372 990 cipit
391 927 569 976 communitati
590 928 711 986 civitatis,
730 935 759 977 ut
784 929 925 992 Georgium
949 931 982 979 de
1001 931 1106 980 Kaniia
1130 931 1225 979 benum
1243 931 1356 994 adjuvet,
1376 933 1397 980 si

309 1014 430 1064 Andreas
448 1016 527 1074 Both,
553 1015 635 1064 banus
661 1017 795 1082 pristinus,
819 1018 973 1082 dignitatem
996 1019 1116 1068 banalem
1142 1020 1262 1069 abdicare
1289 1036 1398 1082 eamque

307 1103 420 1167 Georgio
438 1104 539 1153 tradere
558 1106 741 1170 repugnaverit
759 1132 1392 1148 ···································
1470 1108 1499 1156 61

238 1189 278 1242 60.
309 1191 384 1242 Anno
407 1193 482 1257 1508,
503 1193 657 1247 2811111111.
683 1195 781 1245 Budae.
800 1193 953 1244 Balthasare
970 1197 1003 1244 de
1028 1196 1104 1262 Alap,
1125 1203 1265 1261 capetaneo
1283 1197 1398 1261 gentium

305 1279 369 1329 levis
381 1287 524 1330 armaturae
536 1282 564 1330 in
582 1281 694 1341 Croatla,
707 1289 851 1341 accusante,
872 1283 1022 1334 vladislaus
1035 1301 1079 1334 rex
1099 1287 1192 1344 Lucae,
1212 1287 1335 1351 episcopo
1354 1302 1394 1334 11-

307 1369 436 1432 grabiensi
456 1371 591 1436 praecipit,
617 1376 646 1420 ut
673 1372 833 1436 Stephanum
863 1373 1014 1423 canonicum
1042 1373 1172 1440 lectorem,
1192 1389 1274 1440 poena
1292 1373 1396 1430 alliciat,

305 1458 366 1520 qula
384 1458 565 1508 documentum
585 1460 707 1510 tassionis
725 1461 841 1510 eiusdem
859 1461 1020 1512 Balthasaris
1039 1463 1071 1512 de
1090 1464 1159 1528 Alap
1177 1463 1327 1528 depravavit
1364 1487 1388 1499 -·

238 1574 280 1622 61.
299 1565 374 1614 Anno
396 1567 471 1631 1508,
491 1579 514 1632 5.
534 1567 605 1619 maii
625 1568 774 1631 Zagrabiae.
802 1568 894 1618 Coram
920 1570 1103 1619 communitate
1128 1570 1241 1620 civitatis
1260 1569 1394 1618 Emericus

307 1653 418 1703 Milulic
436 1670 526 1718 agrum
545 1670 618 1704 suum
638 1655 763 1706 Michaeli
783 1656 889 1722 pellifici
912 1657 943 1707 16
963 1658 1015 1708 ilor.
1036 1659 1091 1708 auri
1109 1659 1197 1708 vendit
1204 1683 1389 1699 ···········

237 1739 278 1790 62.
296 1743 372 1791 Anno
394 1744 469 1808 1508,
490 1745 613 1807 5111111.
627 1745 717 1793 Budae
744 1743 903 1802 Vladlslaus,
918 1747 1068 1809 Hungariae
1081 1753 1129 1796 etc.
1143 1761 1196 1810 rex,
1216 1743 1393 1794 communitati

307 1831 418 1880 civitatis
426 1832 509 1896 jubet,
521 1839 549 1881 ut
569 1833 601 1882 de
611 1832 723 1882 Nicolao
737 1832 889 1896 Soldinarid‚
901 1835 946 1896 qui
965 1835 1090 1884 canonico
1108 1834 1291 1884 archidiacono
1298 1834 1394 1882 furtum

306 1919 374 1983 iecit,
393 1935 425 1967 ex
448 1919 550 1982 legibus
575 1921 729 1970 sententiam
754 1921 828 1979 ierat,
854 1922 1037 1986 incumbatque
1063 1923 1095 1972 ad
1120 1940 1150 1972 ea
1169 1922 1308 1984 reddenda,
1327 1937 1393 1984 quae

303 2007 370 2056 furto
389 2015 449 2058 sunt
467 2015 586 2074 surrepta
610 2035 1315 2050 ·······································
1328 2048 1333 2058 .
1346 2035 1351 2047 ·
1363 2035 1369 2047 ·
1382 2036 1387 2046 ·

236 2112 276 2174 63.
294 2113 374 2163 Anno
397 2116 470 2180 1508,
493 2128 533 2167 11.
543 2115 620 2181 junii.
641 2115 788 2180 Zagrabiae.
809 2116 992 2167 Praebendarii
1005 2117 1129 2166 ecclesiae
1149 2115 1312 2172 cathedralis,
1332 2129 1391 2164 con·

302 2204 421 2252 ventione
440 2219 496 2254 cum
522 2203 638 2270 capitulo
663 2206 739 2264 11011,
765 2220 857 2254 munus
876 2207 968 2255 missae
992 2222 1039 2272 pro
1063 2206 1193 2256 defunctis
1212 2205 1392 2260 instituendae,

302 2293 445 2357 suscipiunt
466 2317 1386 2336 ····················································

237 2378 276 2441 64.
293 2381 372 2430 Anno
394 2382 472 2448 1508,
493 2394 535 2444 19.
552 2383 627 2446 junii.
647 2383 838 2433 Communitate
857 2384 969 2434 civitatis
992 2391 1120 2450 precante,
1138 2383 1297 2440 vladislaus,
1316 2383 1391 2430 Hun-

302 2471 386 2533 gariae
405 2477 455 2522 etc.
474 2487 527 2530 rex,
546 2471 673 2536 concedit,
692 2479 721 2520 ut
746 2473 845 2522 octaris
869 2473 930 2522 sesti
954 2473 1161 2538 Epiphaniamm
1181 2472 1287 2521 Domini
1306 2486 1390 2520 coram

301 2558 374 2608 banis
392 2560 486 2610 iterum
503 2560 630 2624 judicium
650 2559 694 2610 1111
720 2561 753 2608 de
777 2559 928 2625 Kraljerec,
954 2560 1030 2626 Cerje
1049 2567 1097 2612 etc.
1123 2560 1338 2626 possessionibus,
1357 2560 1390 2607 de

301 2648 394 2711 quibus
413 2649 583 2699 communitas
602 2649 715 2700 civitatis
734 2666 792 2700 cum
811 2649 925 2715 capitulo
947 2649 1034 2714 litigat
1148 2673 1384 2688 ··············

235 2753 274 2819 65.
294 2756 368 2806 Anno
389 2758 464 2822 1508,
488 2769 527 2819 19.
543 2757 619 2823 junii.
639 2757 830 2808 Communitate
850 2757 963 2807 civitatis
983 2762 1113 2821 precante,
1132 2753 1291 2812 vladislaus,
1312 2756 1385 2803 Hun-

300 2845 385 2906 gariae
403 2852 454 2895 etc.
473 2861 526 2904 rer,
545 2846 672 2904 concedit,
691 2853 719 2894 ut
738 2847 836 2895 oetavis
864 2846 926 2894 sesti
945 2845 1152 2909 Epiphaniarum
1171 2844 1285 2902 Domini,
1305 2857 1388 2892 coram

300 2933 373 2982 banis
391 2935 485 2984 iterum
501 2935 629 2999 judicium
654 2934 698 2983 fiat
727 2935 759 2983 de
785 2934 923 2983 Petrovina
942 2941 967 2982 et
993 2917 1155 2997 {iljalrovina
1174 2931 1388 2996 possessionibus,

299 3021 444 3085 dequibus
463 3023 634 3074 communitas
653 3023 765 3073 civitatis
784 3037 841 3072 cum
870 3021 977 3087 Sophia,
1002 3020 1092 3070 relicta
1117 3022 1223 3084 Hening
1243 3020 1275 3068 de
1294 3019 1388 3068 8111011-

298 3111 368 3174 grad,
387 3109 473 3175 litigat
497 3131 1382 3150 ·················································

235 3215 273 3268 6⁶.
291 3217 369 3267 Anno
391 3220 467 3283 1508,
487 3229 510 3283 5Δ
530 3218 641 3282 augusti.
655 3218 752 3270 Budae.
773 3217 897 3274 Mathiae,
912 3216 1062 3279 Hungariae
1076 3215 1144 3279 regis
1163 3215 1273 3272 litterae,
1293 3212 1387 3276 quibus

299 3306 738 3364 00111111111011111111,11011111,
764 3291 941 3366 Cernomerec,
967 3303 1053 3368 Bitelr,
1078 3309 1182 3370 ereptae
1203 3303 1386 3367 possessiones,

298 3394 413 3444 redditae
433 3402 502 3453 sunt,
521 3411 537 3443 a
555 3394 692 3444 Vladislao
711 3411 770 3459 rege
795 3393 978 3443 confirmantur
1002 3414 1382 3431 ······················
1460 3399 1474 3412 ”

234 3482 271 3546 67.
290 3484 369 3533 Anno
391 3484 467 3548 1508,
490 3495 511 3532 1.
524 3483 677 3533 novembris.
698 3484 845 3548 Zagrabiae.
867 3484 959 3531 Coram
973 3483 1052 3548 Luca,
1072 3481 1195 3545 episcopo
1216 3479 1386 3543 zagrabieusi,

297 3572 444 3637 Stephanus
465 3572 497 3621 de
516 3572 630 3637 Bachyn,
650 3572 788 3621 canonicus
807 3570 896 3635 lector,
925 3569 1057 3622 scedulam
1081 3569 1202 3619 tassionis
1221 3568 1318 3632 egregii
1338 3569 1386 3615 Ba·

297 3660 405 3710 thasaris
423 3661 456 3709 de
476 3660 544 3726 Alap
562 3677 577 3710 a
595 3676 623 3709 se
642 3661 699 3725 ipso
718 3661 883 3726 depravatam
902 3675 958 3708 esse
982 3657 1118 3708 confitetur
1142 3679 1380 3696 ··············

232 3747 270 3800 68.
289 3751 364 3800 Auno
385 3749 461 3814 1508,
481 3748 628 3812 Zagrabiae.
648 3748 846 3798 Communitatia
859 3748 972 3798 civitatis
990 3747 1101 3805 decreta,
1120 3762 1186 3810 quae
1205 3746 1333 3811 pertinent
1353 3743 1385 3792 ad

296 3837 463 3888 mercaturam
479 3857 1379 3878 ...................................................

229 3927 367 3986 (19.11110
388 3938 465 3993 1509,
484 3927 510 3980 8.
527 3898 597 3978 mall.
616 3925 764 3990 Zugrabiae.
785 3925 962 3976 Communitcs
985 3924 1097 3974 civitatis
1125 3921 1221 3972 foenile
1245 3921 1384 3971 communi·

295 4016 355 4064 istis
374 4015 489 4080 Georgio
508 4015 623 4064 Kalicin
643 4027 657 4078 3
677 4013 729 4065 flor.
749 4014 838 4063 vendit
857 4035 1379 4052 ······························

228 4131 269 4182 70.
288 4121 367 4170 Anno
389 4130 465 4186 1509,
488 4120 528 4170 16.
547 4118 618 4170 maii.
638 4119 787 4184 Zagrablae.
807 4118 899 4168 Coram
918 4119 1101 4168 communitate
1126 4117 1237 4166 civitatis
1257 4114 1383 4166 Nicoluus

295 4193 655 4266 davloua,110maesntri
673 4223 720 4258 suo
739 4213 764 4256 et
784 4207 940 4256 Catharinae
969 4207 1091 4271 consorti,
1110 4205 1218 4255 fundum
1245 4220 1318 4253 suum
1337 4205 1381 4254 de·

294 4303 389 4347 sertum
409 4310 423 4360 3
442 4297 499 4348 tlor.
518 4297 574 4346 auri
596 4297 685 4346 rendit
708 4321 715 4335 ·
740 4305 746 4320 ’
745 4318 1376 4335 ····································

228 4394 268 4447 71.
285 4385 364 4435 Auno
386 4397 462 4451 1509,
481 4400 506 4449 4.
524 4385 601 4450 junii.
621 4371 769 4449 Zagrabiae.
791 4384 883 4434 Coram
897 4383 1016 4442 Nicolao,
1037 4383 1160 4433 canonico
1180 4381 1284 4439 lectore,
1304 4387 1382 4430 testes

294 4475 399 4538 quidam
416 4459 568 4524 asseverant·
581 4489 657 4538 agros
681 4472 810 4523 Koritade
832 4471 985 4538 appellatos,
1009 4471 1132 4537 hospitali
1157 4485 1178 4521 s.
1198 4471 1335 4520 Elisabeth
1355 4472 1381 4520 in

294 4579 352 4612 aree
369 4561 479 4628 capituli
497 4563 548 4612 sito
566 4562 655 4612 deberi
674 4585 1376 4602 ······································

226 4679 269 4731 72.
296 4669 371 4718 Anno
394 4679 469 4735 1509,
489 4679 513 4731 7.
532 4669 643 4732 augusti.
663 4669 760 4718 Budae.
781 4668 874 4717 Coram
900 4667 1014 4733 capitulo
1041 4667 1150 4716 budensi
1176 4666 1380 4731 1011111101Ρο-

293 4759 371 4822 iegaj,
387 4758 469 4823 judex
487 4757 671 4822 zagrubiensis,
694 4764 794 4807 recusat
819 4757 851 4805 de
871 4755 1020 4821 Kraljerec,
1045 4755 1155 4818 aliisque
1175 4755 1382 4819 possessionibus

293 4846 484 4895 communitatis
502 4861 518 4895 1
535 4844 672 4895 Vladislao
691 4861 751 4910 rege
770 4845 884 4910 capitulo
902 4844 1062 4908 zagrabiensi
1081 4844 1183 4892 donatis
1209 4868 1374 4882 ··········

227 4943 267 4996 73.
293 4933 372 4983 Anno
395 4945 470 5000 1510,
491 4946 514 4986 2.
534 4933 632 4999 aprilis.
652 4919 759 4984 Casmae
788 4935 879 4992 Lucas,
899 4935 1037 4998 episcopus
1065 4933 1246 4997 zagrabiensis,
1265 4931 1379 4996 capitulo

293 5024 427 5089 praecipit,
445 5028 475 5072 ut
490 5022 606 5087 Johanni
625 5023 733 5082 Bradad,
752 5023 934 5072 archidiacono
953 5023 1091 5086 denegatos
1110 5021 1225 5070 redditus
1244 5022 1327 5070 tradat
1351 5046 1375 5059 ··
1452 5031 1484 5082 77
