3732 5802
432 545 472 604 86
864 543 938 602 Doc.
964 538 1018 603 80.
1042 574 1082 584 -
1107 541 1166 603 An.
1191 553 1277 616 1510.

432 785 463 832 et
494 769 723 832 commetaneis
754 768 929 830 eorundem
960 767 1090 850 capituli
1115 781 1146 829 et
1168 767 1304 829 civitatis
1329 768 1360 828 in
1385 767 1480 829 simul
1505 769 1703 848 convocatis,

434 877 577 960 partibus
601 876 697 938 etism
721 875 872 959 predictis
892 875 943 936 vel
960 893 1069 936 earum
1086 873 1251 955 legittimis
1270 875 1531 956 procuratoribus
1546 877 1704 957 presenti·

433 985 503 1062 bus,
535 996 665 1064 accepto
697 983 793 1044 etiam
826 1001 921 1062 super
950 980 1113 1062 premissis
1142 979 1327 1042 testimonio
1354 981 1483 1041 testium
1511 1001 1568 1063 per
1596 995 1704 1064 partes

433 1103 626 1173 prenotatas,
651 1108 758 1150 coram
782 1087 874 1150 vobis
897 1086 1181 1170 producendorum
1205 1087 1265 1148 sub
1289 1085 1351 1148 fide
1374 1106 1486 1148 eorum
1503 1087 1565 1148 deo
1583 1087 1705 1166 debita,

434 1195 651 1277 fidelitateque
675 1193 769 1255 nobis
793 1205 823 1254 et
843 1211 928 1254 sacre
952 1211 1070 1254 corone
1086 1205 1193 1253 nostre
1210 1191 1420 1270 observanda,
1437 1205 1520 1253 tacto
1540 1192 1704 1254 dominice

434 1301 535 1363 crucis
551 1302 643 1382 signo
660 1299 840 1382 prestanda,
863 1318 1005 1360 seorsum
1028 1310 1059 1359 et
1083 1296 1270 1380 singillatim
1287 1298 1488 1380 investigare,
1505 1318 1572 1360 non
1594 1311 1704 1360 curata

434 1407 581 1470 absencia
605 1406 734 1469 alterius
758 1405 855 1487 partis
873 1404 924 1465 vel
952 1405 1048 1465 etiam
1065 1405 1161 1464 unius
1177 1423 1215 1464 ex
1232 1404 1334 1482 vobis,
1350 1417 1414 1464 tam
1432 1404 1472 1465 de
1490 1403 1551 1465 lori
1568 1405 1705 1486 predicti

435 1513 532 1574 veteri
557 1532 651 1574 cursu
675 1525 706 1574 et
729 1511 813 1590 loco,
837 1530 934 1592 quam
955 1510 1050 1571 etiam
1068 1510 1316 1592 prescriptorum
1333 1510 1470 1572 aliorum
1490 1512 1704 1592 negociorum

435 1633 466 1680 et
493 1619 686 1680 damnorum
711 1617 914 1679 illacionibus
937 1637 973 1677 ac
997 1615 1174 1678 eorundem
1199 1615 1426 1698 dependenciis
1449 1617 1566 1695 sciatis,
1597 1618 1705 1698 inqui·

436 1725 512 1788 ratis
545 1739 576 1788 et
607 1722 815 1807 experiamini
847 1722 976 1804 plenam
1005 1735 1036 1783 et
1060 1721 1281 1783 omnimodam
1304 1721 1502 1784 certitudinis
1525 1723 1706 1800 veritatem,

437 1851 535 1914 quam
552 1831 683 1894 tandem
700 1829 856 1891 Maiestati
874 1841 980 1890 nostre
997 1827 1133 1889 fideliter
1153 1842 1183 1889 et
1203 1827 1373 1908 diligenter
1388 1829 1446 1888 sub
1463 1827 1579 1910 sigillis
1595 1829 1707 1889 vestris

439 1961 476 2002 ex
503 1937 616 2000 ordine
640 1936 833 2020 perscribere
858 1947 888 1996 et
903 1933 1082 2016 significare
1099 1953 1134 1996 ac
1150 1934 1293 2016 partibus
1310 1934 1386 2015 ipsis
1402 1935 1433 1994 in
1452 1933 1577 1996 eisdem
1593 1934 1707 1996 litteris

437 2045 548 2108 vestris
580 2063 687 2105 coram
712 2041 805 2104 nobis
828 2041 879 2102 vel
903 2041 1141 2102 locumtenente
1164 2053 1273 2101 nostro
1297 2054 1502 2122 comparente
1524 2041 1702 2102 terminum

437 2150 592 2235 prefigere
627 2149 733 2211 modis
767 2148 919 2210 omnibus
953 2147 1096 2209 debeatis
1126 2159 1157 2208 et
1187 2145 1360 2207 teneamini
1390 2141 1640 2227 congruentem,
1673 2161 1705 2208 ut

437 2259 585 2338 sciamus,
611 2256 835 2338 possimusque
858 2253 988 2315 tandem
1013 2253 1088 2314 visis
1109 2265 1139 2314 et
1163 2253 1299 2332 cognitis
1323 2252 1484 2334 premissis
1502 2253 1586 2314 inter
1602 2267 1706 2336 partes

440 2365 524 2446 ipsas
556 2363 665 2426 omnia
693 2361 802 2423 debito
826 2359 925 2421 modo
949 2358 1093 2420 revidere
1117 2371 1148 2420 et
1172 2358 1345 2440 unicuique
1368 2359 1512 2441 parcium
1537 2359 1587 2440 jus
1612 2380 1705 2421 suum

443 2469 593 2532 tribuere.
610 2468 709 2530 Aliud
733 2467 821 2529 nulla
846 2467 968 2528 ratione
993 2465 1116 2527 facturi.
1134 2465 1337 2526 Prcsentibus
1360 2465 1519 2547 perlectis,
1541 2465 1702 2527 exhibenti

443 2575 605 2636 restitutis.
637 2573 755 2634 Datum
790 2573 820 2634 in
853 2592 923 2633 arce
956 2571 1106 2633 Nitriensi
1140 2571 1171 2632 in
1204 2570 1284 2632 festo
1316 2571 1489 2633 nativitatis
1520 2573 1702 2633 beatissime

444 2681 545 2744 Maris
569 2680 712 2762 virginis.
737 2685 832 2740 Anno
856 2678 980 2740 domini
1005 2677 1177 2738 millesimo
1202 2677 1461 2759 quingentesimo
1486 2676 1626 2739 decimo,

814 2819 946 2882 Relacio
969 2818 1131 2899 magnifici
1155 2817 1280 2880 domini
1305 2817 1470 2880 Benedicti
1495 2817 1535 2878 de
1561 2817 1703 2900 Bathyan

876 2907 1067 2975 thezaurarii
1092 2908 1178 2988 regie
1203 2907 1386 2968 Maiestatis.

548 3030 683 3096 Originale
708 3030 734 3081 in
761 3030 858 3081 charta
885 3029 911 3080 ln
931 3030 1047 3094 margine
1066 3029 1141 3080 inter.
1161 3029 1318 3094 impressum
1338 3029 1463 3095 sigillum.
1483 3028 1511 3079 ln
1531 3029 1628 3082 arohiv.
1647 3043 1693 3078 ren

445 3121 508 3185 Cap.
528 3120 636 3184 zagrab.
655 3119 711 3171 Act.
732 3119 795 3183 Cap.
814 3122 866 3169 ant.
886 3118 949 3169 lasc.
972 3119 1010 3168 10.
1031 3131 1068 3170 nr.
1089 3119 1130 3168 71.

1049 3381 1114 3448 80.

547 3524 622 3575 Anno
645 3525 719 3590 1510,
733 3527 758 3576 8.
776 3524 945 3588 septembris.
966 3523 1075 3576 Nitriae.

451 3633 624 3704 Vladislaus,
640 3635 815 3707 Hungart'ae
830 3643 880 3692 etc.
897 3653 960 3709 rex,
976 3633 1098 3691 mandat
1115 3632 1242 3688 omnt'bus
1257 3633 1397 3690 nobilibus
1408 3641 1436 3691 et
1449 3635 1601 3708 cujustibet
1613 3641 1699 3692 stitus

416 3739 610 3809 -ltomim'bus,
633 3748 667 3796 ut
694 3741 725 3795 in
754 3758 851 3808 causa,
874 3757 949 3813 quae
980 3741 1055 3795 inter
1082 3739 1240 3811 capitulum
1271 3747 1299 3796 et
1327 3741 1557 3798 communitatem
1584 3740 1699 3797 celsitatis

781 3847 883 3924 agimr
904 3846 938 3902 dc
953 3848 1034 3920 foro,
1059 3846 1203 3904 venisime
1225 3852 1371 3906 testentur.

1129 3964 1288 4017 commissio
1308 3965 1417 4029 propria
1436 3967 1537 4018 domini
1557 3967 1635 4032 regis.

551 4072 748 4134 Wladislaus
771 4071 822 4134 dei
846 4071 952 4152 gracia
975 4090 1028 4132 rex
1053 4070 1219 4153 Hungarie
1240 4085 1271 4133 et
1293 4071 1449 4134 Bohemie
1467 4086 1526 4135 etc.
1544 4073 1698 4135 Fidelibus

444 4179 560 4241 nostris
590 4179 747 4240 universis
779 4191 809 4239 et
840 4177 975 4258 singulis
998 4178 1163 4240 nobilibus
1187 4192 1218 4239 et
1241 4178 1371 4239 alterius
1396 4179 1536 4241 cuiusvis
1558 4191 1649 4241 status
1670 4191 1699 4239 et

446 4284 645 4347 condicionis
678 4284 864 4346 hominibus
895 4283 1065 4345 comitatus
1097 4284 1312 4364 zagrabiensis
1335 4285 1368 4346 in
1393 4286 1555 4348 vicinitate
1579 4283 1696 4367 capituli

446 4391 578 4452 ecclesie
596 4390 811 4473 zagrabiensis
835 4403 866 4450 et
882 4389 1017 4450 civitatis
1034 4403 1140 4450 nostre
1156 4390 1275 4451 montis
1292 4389 1461 4452 Grecensis
1483 4393 1615 4454 ubilibet
1629 4408 1697 4451 con-

446 4495 561 4555 stitutis
594 4509 625 4557 et
648 4496 922 4557 commorantibus
943 4496 1079 4556 salutem
1104 4509 1134 4556 et
1156 4496 1306 4578 graciam.
1333 4495 1411 4558 Orte
1436 4511 1510 4558 sunt
1534 4509 1613 4559 certe
1632 4495 1697 4556 lites

447 4613 478 4660 et
501 4599 683 4662 differencie
708 4614 739 4662 et
763 4601 876 4662 exinde
901 4601 1008 4682 plures
1032 4601 1127 4662 etiam
1156 4602 1271 4663 iniurie
1288 4615 1319 4664 et
1335 4602 1529 4665 damnorum
1547 4603 1698 4664 illationes

447 4705 613 4767 subsecute
646 4707 727 4768 inter
758 4708 946 4769 honorabile
975 4707 1151 4789 capitulum
1175 4708 1307 4770 ecclesie
1332 4710 1548 4790 zagrabiensis
1571 4721 1600 4769 et
1621 4707 1697 4768 cives

449 4809 582 4871 civitatis
613 4813 710 4873 nostri
743 4814 862 4874 montis
896 4812 1064 4875 Grecensis
1095 4814 1224 4876 racione
1255 4828 1414 4876 certorum
1447 4817 1646 4898 negociorum
1667 4825 1697 4872 et

448 4915 614 4996 presertim
644 4930 788 4998 pretextu
820 4919 985 4980 cuiusdam
1017 4918 1089 4998 lori,
1114 4920 1201 5001 quod
1234 4921 1266 4982 in
1298 4921 1422 4983 theatro
1454 4922 1581 5004 capituli
1608 4918 1698 5001 ipsius

449 5021 661 5101 zagrabiensis
696 5025 736 5084 ab
773 5026 906 5106 antiquo
942 5025 1094 5086 celebrari
1131 5041 1316 5088 consuetum
1351 5025 1447 5089 luisse
1479 5029 1599 5090 dicitur.
1629 5023 1695 5096 Que
