3900 5804
395 601 457 662 310
813 581 930 640 Statuta
955 581 1245 643 Praebendariaracm.

820 688 1009 694 --——--
1389 687 1654 694 -....——-—-—.-

395 807 551 869 decanum
576 807 663 869 adire
689 827 754 869 non
786 819 903 890 posset,
935 807 1007 868 talis
1031 807 1137 870 vicino
1171 827 1230 868 suo
1255 809 1418 889 'premissa
1453 809 1591 871 declaret
1626 823 1659 869 et

394 913 479 997 apud
504 913 662 975 decanum
686 913 825 974 eundem
850 927 996 990 excuset;
1020 913 1076 994 qui
1098 927 1205 976 autem
1237 933 1311 975 cum
1334 915 1496 996 premissis
1520 933 1585 976 non
1602 934 1658 976 cu·

398 1019 524 1098 raverit,
549 1018 621 1080 talis
643 1018 813 1080 habebitur
835 1038 894 1101 pro
917 1018 1059 1081 absente.

499 1213 631 1272 Secunda
646 1214 732 1288 feria
755 1209 922 1272 nattilunali
942 1215 1058 1272 messam
1081 1215 1146 1288 quis
1162 1215 1300 1288 stamen
1322 1215 1430 1272 habent
1448 1215 1549 1275 dicere.

485 1318 587 1401 Ipsam
610 1317 740 1378 missam
764 1316 988 1378 defunctorum
1013 1315 1090 1378 feria
1115 1318 1254 1379 secunda
1278 1318 1459 1380 novilunali
1482 1317 1566 1380 dicet
1592 1319 1658 1398 ille,

397 1424 452 1505 qui
478 1422 609 1486 habebit
633 1423 665 1484 in
689 1422 803 1484 ordine
820 1423 987 1503 »Statuit,‹
1004 1423 1036 1484 in
1060 1423 1169 1484 tabula
1193 1425 1424 1505 consignatam.

502 1618 650 1693 &amodo
679 1619 737 1692 ipsi
765 1617 875 1676 Christi
886 1619 991 1693 fideles
1013 1619 1113 1677 debent
1132 1638 1161 1676 se
1194 1620 1315 1678 inscribi
1343 1639 1392 1678 seu
1424 1622 1609 1694 incarcerari
1627 1619 1660 1680 in

390 1727 542 1800 prefatam
565 1725 831 1799 confraternitatem
854 1732 992 1783 nostram.

500 1845 646 1919 Quilibet
668 1843 787 1908 Christi
820 1843 924 1906 fidelis
958 1844 1188 1927 cuiuscumque
1212 1866 1314 1928 sexus,
1342 1847 1474 1926 ordinis,
1497 1848 1662 1929 dignitatis

397 1965 451 2013 aut
474 1950 669 2012 conditionis
693 1949 799 2029 fuerit,
824 1951 879 2032 qui
904 1950 987 2012 dicte
1011 1963 1117 2012 nostre
1142 1950 1393 2016 confraternitati
1418 1954 1613 2036 incorporari
1630 1969 1663 2016 et

399 2057 513 2119 ascribi
536 2057 685 2135 voluerit,
709 2076 765 2138 per
789 2077 821 2117 se
845 2056 896 2117 vel
919 2076 976 2139 per
1008 2057 1108 2118 alium
1141 2058 1263 2121 decano
1298 2073 1407 2121 nostro
1440 2080 1474 2122 se
1498 2060 1662 2122 humiliter
1689 2103 1694 2110 -

397 2174 592 2246 representet
615 2175 646 2223 et
669 2175 755 2244 petat
779 2162 894 2224 devote
919 2175 954 2223 ut
988 2164 1172 2244 ascribatur,
1199 2164 1374 2246 offeratque
1398 2179 1494 2247 prout
1517 2185 1572 2226 sue
1605 2164 1661 2225 de-

395 2269 519 2332 votioni
542 2267 713 2346 videbitur,
738 2269 866 2329 attentis
890 2268 1011 2329 viribus
1034 2289 1163 2331 suarum
1182 2268 1380 2351 facultatum,
1398 2271 1497 2353 ipsius
1520 2290 1661 2352 namque

396 2376 457 2439 boc
481 2375 587 2457 ipsum
613 2374 803 2454 reliquimus
826 2375 988 2456 probitati.
1014 2376 1053 2436 Et
1076 2377 1182 2458 primo
1206 2391 1332 2461 recepta
1364 2377 1480 2439 idonea
1512 2378 1662 2440 cautione

397 2481 437 2544 ab
473 2499 682 2561 unoquoque,
716 2479 804 2560 quod
828 2480 953 2560 parebit
989 2495 1019 2542 et
1043 2482 1176 2544 obediet
1201 2483 1461 2546 ordinationibus
1484 2497 1515 2544 et
1538 2485 1662 2546 statutis

398 2585 666 2649 confraternitatis
689 2599 795 2646 nostre
819 2585 972 2667 predicte,
996 2585 1167 2669 fidelisque
1199 2589 1259 2650 erit
1281 2587 1431 2651 fratribus
1455 2590 1487 2651 in
1511 2609 1661 2672 procura-

398 2693 545 2756 cionibus
561 2705 592 2753 et
608 2693 868 2774 promotionibus
884 2692 1082 2774 ubicumque
1099 2694 1184 2756 iuxta
1201 2714 1305 2776 posse,
1324 2695 1456 2756 demum
1473 2695 1662 2758 inscribatur

398 2817 518 2860 nomen
542 2797 640 2878 ipsius
663 2797 696 2858 in
720 2798 803 2859 libro
826 2818 882 2860 seu
907 2799 1073 2860 matricula
1098 2799 1375 2880 confraternitatis,
1400 2801 1550 2863 inscribat
1566 2803 1662 2864 etiam

399 2903 477 2986 quid
502 2915 533 2964 et
556 2917 712 2985 quantum
733 2905 895 2983 obtulerit,
919 2905 970 2966 vel
994 2905 1019 2966 si
1045 2903 1141 2967 fuerit
1163 2926 1294 2989 pauper,
1313 2926 1450 2968 unacum
1469 2909 1663 2972 anotacione

399 3010 463 3071 diei
488 3023 518 3072 et
542 3010 635 3086 anni;
656 3009 700 3071 ita
736 3010 824 3092 quod
848 3008 1022 3072 confratres
1046 3011 1156 3090 nostri,
1190 3013 1245 3092 qui
1270 3011 1424 3092 dignitate
1456 3012 1575 3094 aliqua,
1609 3028 1664 3076 aut

399 3116 566 3178 doctoratu
590 3115 642 3176 vel
666 3115 853 3196 magistratu
876 3113 1069 3197 prefulgent,
1094 3117 1126 3177 in
1151 3136 1209 3178 suo
1240 3117 1418 3180 scribantur
1453 3119 1582 3196 ordine;
1614 3121 1663 3182 illi

399 3241 486 3300 vero,
510 3220 566 3303 qui
590 3233 664 3281 sunt
688 3221 863 3302 presbiteri,
888 3221 920 3281 in
944 3241 1003 3282 suo
1028 3221 1160 3300 ordine;
1184 3223 1261 3284 item
1296 3223 1367 3284 laici
1393 3224 1522 3287 nobiles
1546 3226 1579 3287 in
1603 3247 1663 3289 suo

399 3327 525 3407 ordine,
549 3327 700 3388 mulieres
724 3341 831 3416 autern
856 3327 982 3389 nobiles
1005 3328 1037 3388 in
1062 3348 1121 3390 suo
1146 3329 1260 3391 ordine
1284 3344 1343 3392 etc.

508 3504 597 3579 Quod
613 3506 730 3564 candele
753 3506 879 3564 ardeant
899 3514 927 3564 ct
947 3507 1144 3566 incendantur
1164 3509 1247 3582 insta
1258 3509 1485 3568 decantationem
1501 3509 1665 3570 missarum

399 3610 561 3668 Kalendini
580 3629 630 3669 scu
651 3612 909 3686 confraternitatis.

505 3733 539 3794 ln
564 3732 708 3814 qualibet
732 3732 901 3796 festivitate
925 3735 1017 3796 beate
1033 3736 1167 3818 virginis
1185 3737 1294 3816 Marie,
1312 3738 1421 3799 matris
1434 3736 1665 3817 misericordie,

401 3851 432 3899 et
455 3838 557 3899 eciam
574 3836 684 3920 (feriis)
701 3839 849 3900 secundis
866 3840 1119 3902 novilunialibus
1136 3841 1295 3923 predictis,
1305 3856 1337 3904 et
1348 3843 1450 3918 eciam
1460 3843 1541 3904 circa
1553 3842 1665 3906 funera

400 3941 594 4005 confratrum
620 3956 832 4022 mortuorum,
857 3946 933 4006 dum
957 3959 1030 4008 sunt
1055 3947 1086 4008 in
1111 3947 1251 4008 ecclesia¹
1268 3949 1327 4008 sub
1359 3948 1463 4009 missis
1486 3948 1665 4028 antedictis,

401 4049 542 4112 decanus
566 4063 597 4110 et
617 4050 786 4112 servitores
810 4051 858 4112 sui
882 4070 1014 4132 magnas
1038 4052 1210 4132 candellas,
1231 4073 1311 4134 quas
1331 4055 1399 4135 ipsa
1423 4051 1665 4116 confraternitas

401 4155 526 4217 noviter
548 4154 616 4217 fieri
639 4153 724 4234 fecit,
748 4157 780 4217 in
807 4157 915 4218 medio
939 4156 1027 4218 chori
1051 4158 1219 4220 benedicte
1243 4159 1385 4239 virginis,
1410 4159 1520 4220 matris
1543 4160 1665 4220 miseri·

402 4261 511 4324 cordie
534 4261 686 4344 predicte,
711 4263 744 4323 in
768 4283 879 4324 earum
895 4263 1006 4324 ordine
1024 4275 1054 4324 et
1071 4263 1270 4325 candelabris
1292 4277 1415 4346 ponant
1430 4277 1462 4326 et
1478 4265 1664 4344 accendant,

402 4387 464 4449 que
488 4367 620 4429 ardeant
642 4368 700 4429 sub
714 4367 936 4430 decantatione
949 4369 1118 4432 missarum
1131 4381 1163 4430 et
1181 4369 1315 4430 ›Salve‹
1330 4369 1546 4451 predictarum
1563 4389 1665 4452 usque

402 4471 444 4534 ad
466 4470 574 4551 finem,
598 4485 656 4536 etc.

511 4606 601 4681 Quod
630 4625 692 4665 eum
726 4609 871 4667 deaadane
904 4617 933 4667 et
963 4612 1069 4685 absque
1102 4611 1337 4688 deambulatione,
1371 4607 1606 4686 confabulatione
1638 4621 1667 4670 et

403 4713 597 4772 sussuratiane
612 4715 730 4788 fratres
752 4715 889 4772 intersint
908 4724 937 4772 et
957 4724 1051 4774 astent
1070 4717 1177 4774 divinis
1193 4716 1339 4790 predictis.

507 4833 667 4896 Volumus
690 4855 726 4896 ac
749 4836 808 4896 sub
833 4834 1039 4918 infrascriptis
1062 4837 1153 4918 penis
1176 4838 1326 4899 omnibus
1351 4851 1382 4900 et
1404 4839 1540 4920 singulis
1564 4837 1665 4901 fratri·

403 4941 462 5002 bus
484 4939 601 5000 nostris
624 4938 756 5002 firmiter
768 4941 1008 5022 committimus,
1032 4955 1066 5003 ut
1089 4943 1148 5003 sub
1172 4940 1286 5004 officiis
1310 4943 1459 5025 Placebo,
1482 4945 1664 5026 vigiliarum

404 5058 435 5107 et
466 5044 635 5106 missarum
669 5045 895 5127 predictarum,
931 5047 962 5109 in
998 5047 1224 5110 festivitatibus
1255 5051 1346 5111 beate
1378 5050 1522 5132 virginis,
1557 5051 1665 5112 matris
