3732 5802
606 541 677 600 Dae.
702 535 773 601 128.
799 573 840 582 —
865 541 922 601 An.
946 536 1034 614 1516.

194 764 239 826 sic
264 777 299 826 ut
322 763 490 847 prefertur,
514 765 770 847 appellacionem
798 767 976 849 prevenire,
1000 768 1198 850 supprimere
1232 781 1263 830 et
1297 769 1464 831 anichilari

195 869 311 950 facere,
335 871 420 932 unde
445 891 498 933 me
534 885 565 933 et
588 871 691 953 ipsam
726 874 991 936 communitatem
1027 894 1083 935 seu
1120 875 1292 955 collegium
1325 874 1388 956 jam
1424 877 1464 936 de

194 974 280 1039 facto
303 977 408 1039 taliter
432 977 569 1059 qualiter
593 978 626 1038 in
650 979 770 1039 curiam
796 979 971 1060 legacionis
995 978 1107 1062 prefati
1133 981 1388 1042 reverendissimi
1407 981 1464 1043 do-

195 1083 275 1144 mini
301 1083 481 1162 cardinalis,
506 1083 726 1166 strigoniensis
750 1097 781 1146 et
805 1085 900 1167 legati
925 1086 1093 1168 apostolici
1110 1087 1245 1164 citasset,
1262 1099 1293 1148 et
1309 1088 1464 1168 quoniam

195 1189 380 1251 nacionibus
404 1209 441 1252 ex
465 1189 628 1272 premissis
652 1191 781 1270 etquis
805 1211 862 1273 per
883 1205 1004 1254 tantam
1027 1191 1215 1254 distanciam
1239 1193 1319 1254 sicut
1344 1193 1466 1274 Strigo-

195 1296 282 1358 niam
307 1317 325 1357 a
349 1294 413 1358 fine
436 1295 572 1357 diocesia
596 1296 812 1378 zagrabiensis
835 1299 908 1380 plus
932 1317 1029 1380 quam
1046 1318 1100 1360 sex
1117 1298 1275 1360 dictarum
1294 1299 1326 1360 in
1342 1282 1463 1361 distan-

196 1402 244 1463 cia
269 1402 486 1464 verisimiliter
510 1401 606 1464 fuisse
631 1415 661 1464 et
693 1423 761 1465 esse
795 1405 990 1486 perhibetur,
1026 1405 1123 1467 michi
1148 1419 1178 1466 et
1202 1405 1343 1488 predicte
1379 1425 1465 1467 com·

195 1509 344 1571 munitati
369 1522 455 1571 tutus
475 1509 508 1570 in
533 1509 606 1571 loco
629 1509 773 1591 predicto
797 1511 944 1592 litigandi
969 1525 1000 1573 et
1024 1531 1151 1572 causam
1177 1510 1373 1574 defendendi
1399 1531 1464 1573 non

195 1627 318 1697 pateret
341 1635 495 1694 accessus,
519 1629 688 1698 eapropter
711 1617 855 1678 senciens
879 1637 930 1678 me
955 1629 986 1679 et
1009 1619 1273 1680 communitatem
1310 1638 1366 1679 seu
1400 1618 1466 1679 col·

196 1721 319 1802 legium
342 1721 522 1804 predictum
547 1722 653 1783 minus
676 1708 757 1803 ju'ste
781 1735 812 1783 et
843 1723 985 1785 indebite
1020 1737 1168 1805 gravatos
1191 1737 1222 1785 et
1257 1725 1466 1806 imposterum

196 1827 270 1910 plus
292 1847 386 1909 posse
409 1829 535 1909 gravari
558 1829 599 1890 ad
622 1827 781 1912 prefatum
806 1830 1042 1891 sanctissimum
1067 1830 1099 1891 in
1133 1829 1263 1892 Christo
1287 1843 1410 1912 patrem
1436 1843 1468 1891 et

197 1933 381 2014 dominum,
406 1933 576 1996 dominum
601 1935 757 2014 Leonem,
782 1935 890 1997 divina
920 1935 1128 2018 providencia
1152 1956 1269 2018 papam
1294 1935 1467 2014 decimum,

197 2040 332 2121 eiusque
356 2055 499 2104 sanctam
523 2041 633 2103 sedem
668 2041 879 2124 apostolicam
914 2061 1042 2104 causam
1074 2055 1105 2103 et
1140 2062 1250 2104 causas
1283 2043 1468 2104 huiusmodi

198 2165 412 2228 provocamus
435 2160 466 2208 et
489 2147 689 2229 appellamus
713 2147 746 2208 in
769 2147 831 2208 hiis
854 2147 988 2230 scriptis,
1021 2148 1214 2210 subicientes
1237 2169 1297 2210 nos
1331 2161 1362 2210 et
1384 2150 1468 2210 bona

198 2265 306 2314 nostra
330 2253 475 2331 tuicioni,
500 2251 680 2314 defensioni
705 2266 736 2314 et
759 2255 949 2336 protectioni
972 2253 1085 2336 prefati
1117 2255 1305 2316 sanctissimi
1344 2253 1467 2316 domini

199 2360 311 2438 nostri,
336 2360 470 2441 eiusque
494 2372 601 2422 sancte
625 2361 710 2423 sedis
733 2360 909 2443 apostolice
934 2373 965 2422 et
995 2374 1210 2443 protestamur
1240 2361 1329 2442 quod
1359 2361 1468 2443 appel·

200 2465 361 2527 laciouem
385 2465 573 2528 huiusmodi
597 2467 789 2548 quantocius
813 2468 965 2548 prosequi
990 2467 1151 2529 volumus.

734 2572 915 2655 Stephanus
932 2573 1051 2635 Mathie
1067 2573 1106 2634 de
1124 2573 1299 2656 Lepsyncz,
1317 2573 1469 2637 notarius.

307 2711 445 2778 Orlglasle
465 2714 490 2764 la
510 2714 609 2780 charta,
628 2713 654 2764 ln
673 2714 771 2768 archiv.
790 2715 920 2768 honorab.
940 2715 1048 2780 collegii
1071 2713 1334 2766 Praebendariorum.

797 2999 881 3064 128.

308 3157 383 3208 Auno
403 3155 478 3210 1516.
502 3156 541 3212 ts.
562 3157 684 3222 Augusti.
705 3155 853 3222 Zagrabiae

204 3286 232 3341 Α
254 3287 370 3342 notarri>
399 3285 513 3359 publica
546 3293 615 3344 ante
648 3287 793 3343 ecclesiam
827 3285 1018 3343 cathedralem
1049 3288 1239 3345 renuntiatur
1261 3288 1419 3360 appellatio
1453 3306 1472 3344 a

208 3392 326 3464 collegio
345 3392 624 3469 praebendariorum
659 3399 760 3482 coaqu
793 3393 980 3450 Demetrium
1003 3395 1204 3470 praepositam
1237 3394 1270 3450 de
1300 3394 1385 3450 balaa
1413 3391 1473 3453 liei-

742 3501 826 3571 gr'aso
842 3499 940 3573 sacta.

309 3636 343 3696 ln
365 3636 497 3698 nomine
533 3635 667 3698 domini.
702 3640 817 3700 Amen.
854 3641 950 3698 Anno
985 3633 1158 3698 nativitatis
1193 3638 1336 3699 eiusdem
1380 3659 1388 3698 r
1399 3639 1472 3716 516,

206 3741 387 3802 indiccione
411 3755 533 3823 quarta,
558 3741 598 3803 de
622 3763 698 3803 vero
727 3743 872 3822 Veneris,
896 3743 1007 3824 quinta
1032 3743 1156 3804 decima
1181 3745 1300 3805 mensis
1325 3743 1472 3824 Augusti,

207 3847 284 3909 hora
306 3847 477 3908 terciarurn
501 3848 552 3908 vel
576 3848 678 3930 quasi,
695 3861 767 3910 ante
796 3848 961 3910 ecclesiam
980 3847 1197 3911 kathedralem
1217 3849 1301 3910 beati
1320 3849 1475 3931 Stephani

207 3953 289 4034 regis
314 3954 468 4034 Zagrabie
493 3953 671 4033 fundatam,
696 3955 899 4036 pontificatus
932 3955 1121 4016 sanctissimi
1145 3957 1177 4016 in
1215 3955 1342 4016 Christo
1377 3955 1475 4036 patris

207 4073 238 4121 et
261 4059 386 4121 domini
411 4061 521 4139 nostri,
546 4061 669 4122 domini
703 4061 821 4122 Leonis
855 4061 973 4122 divina
999 4061 1205 4143 providencia
1238 4081 1320 4143 pape
1345 4060 1473 4138 decimi,

207 4185 292 4227 anno
316 4175 442 4246 quarto.
467 4167 500 4227 ln
525 4167 588 4228 mei
614 4167 728 4228 notarii
753 4167 874 4249 publici
896 4179 929 4244 et
953 4167 1080 4228 testium
1105 4166 1379 4248 infrascriptorum
1404 4185 1474 4247 pre-

207 4272 313 4334 sencia
337 4272 546 4354 personaliter
569 4273 760 4334 constitutus
783 4272 983 4334 honorabilis
1004 4272 1155 4334 dominus
1188 4271 1326 4334 Michael
1350 4272 1475 4349 Berlelr,

209 4377 348 4439 decanus
372 4377 658 4460 prebendariorum
683 4378 769 4440 chori
795 4379 928 4440 ecclesie
952 4378 1168 4459 zagrabiensis
1185 4379 1217 4439 in
1235 4399 1291 4440 sua
1308 4397 1344 4439 ac
1371 4377 1475 4438 tocius

209 4484 338 4566 collegii
363 4497 394 4546 et
418 4485 657 4547 communitatis
681 4485 966 4566 prebendariorum
992 4483 1079 4546 chori
1103 4484 1247 4546 eiusdem
1270 4484 1400 4545 ecclesie
1421 4505 1476 4566 aa·

208 4589 385 4669 grabiensis
408 4610 545 4672 persona
567 4603 694 4670 gestans
718 4604 748 4652 et
771 4605 884 4652 tenens
908 4591 940 4651 in
965 4590 1114 4651 manibus
1137 4591 1300 4671 quandam
1326 4591 1475 4653 cedulam
1545 4599 1547 4604 ’

209 4696 439 4778 appellacionis
463 4697 629 4758 cuiusdam
653 4711 797 4758 tenorem
822 4697 853 4757 in
879 4717 912 4759 se
944 4695 1163 4757 continentem
1199 4710 1309 4778 petens
1340 4696 1475 4758 eandem

210 4803 309 4864 valvis
332 4802 416 4864 dicte
440 4802 572 4865 ecclesie
596 4803 794 4884 zagrabiensi
818 4802 903 4884 affigi
929 4815 959 4864 et
976 4801 1096 4864 ibidem
1113 4803 1187 4864 stari
1205 4803 1355 4885 permitti.
1373 4802 1475 4864 Cuius

211 4907 323 4970 cedule
347 4921 440 4971 tenor
463 4909 535 4970 talis
569 4921 632 4971 est:
665 4909 751 4971 Cum
786 4908 1027 4991 appellacionis.
1052 4906 1144 4988 (Doc.
1174 4928 1244 4992 127.
1269 4929 1343 4971 ann.
1373 4908 1476 4990 1516.)

210 5013 284 5076 Post
300 5014 524 5096 cuiusquidem
541 5015 1278 5098 appellacionisexhibicionem,perlectionem,
1291 5015 1475 5077 affixionem
