3808 5792
400 579 456 638 182
812 578 885 638 Doc.
909 590 979 654 144.
1004 609 1047 619 -
1070 576 1128 638 An,
1154 587 1239 652 1517.

396 687 466 692 .-.-
496 685 650 692 ..-.-.-.--
669 683 1066 690 --—.-——-.-———
1091 683 1118 688 —
1136 684 1141 686 -
1307 682 1378 686 —-—

397 807 429 868 in
453 806 549 870 simul
568 804 834 868 convenientibus
847 802 1048 865 concorditer
1059 801 1184 882 fiendis,
1196 815 1293 884 atque
1308 803 1444 883 speciale
1461 803 1660 883 mandatum,

396 927 431 974 ut
455 911 611 996 prefertur
635 911 734 994 ipsius
748 909 932 972 'Maiestatis
965 910 1061 990 regie,
1086 909 1159 970 illos
1183 921 1247 970 tres
1278 908 1427 971 denarios
1459 909 1499 970 de
1531 910 1658 990 singula

396 1033 487 1102 porta
512 1020 672 1080 bonorum
696 1035 828 1078 suorum
852 1015 891 1078 ad
917 1017 1000 1097 ipsas
1023 1015 1164 1076 zthrasas
1187 1035 1268 1096 eque
1293 1015 1352 1098 ipsi
1376 1014 1500 1076 domini
1528 1016 1661 1077 comites

397 1126 561 1188 extradare
585 1139 616 1186 et
639 1124 787 1186 exolvere
815 1122 962 1185 debeant.
996 1121 1094 1196 Quod
1126 1123 1153 1182 si
1185 1119 1395 1184 fraternitates
1425 1136 1527 1184 vestre
1559 1120 1662 1184 facere

399 1231 572 1310 noluerint,
598 1243 681 1293 certe
705 1230 778 1310 sint,
802 1229 891 1310 quod
917 1248 977 1290 nos
1001 1228 1087 1289 iuxta
1112 1228 1299 1290 mandatum
1327 1247 1384 1290 sue
1415 1228 1588 1290 Maiestatis
1609 1247 1663 1290 eas

397 1337 692 1414 damnificabimus;
717 1337 870 1398 nolumus
894 1335 981 1397 enim
1007 1355 1073 1417 qno
1096 1335 1154 1397 hec
1178 1334 1356 1396 miserrima
1372 1335 1473 1417 patria
1490 1354 1527 1397 er
1540 1334 1662 1396 incuria

398 1458 429 1507 et
452 1444 652 1526 negligencia
676 1444 719 1504 sic
744 1441 828 1504 male
852 1453 969 1524 pereat.
996 1442 1094 1503 Secus
1113 1441 1213 1523 igitur
1237 1453 1394 1522 quantum
1418 1441 1573 1502 damnum
1597 1441 1662 1502 evi-

398 1565 465 1612 tare
488 1550 598 1628 velint,
633 1569 698 1612 non
735 1547 861 1626 faciant,
893 1567 968 1609 nam
993 1548 1236 1609 contribuentur
1259 1547 1361 1608 eciam
1386 1567 1424 1609 ex
1459 1547 1663 1629 pertinenciis

400 1656 654 1740 Hrazthowycza
678 1655 863 1718 huiusmodi
881 1655 1026 1736 pecunie,
1044 1675 1102 1716 nec
1119 1654 1186 1716 sole
1209 1653 1420 1716 fraternitates
1436 1667 1537 1716 vestre
1561 1667 1664 1733 erunt,

400 1782 463 1844 que
487 1763 519 1824 id
545 1761 671 1824 faciant.
698 1763 744 1822 Ex
778 1762 897 1844 Zrynio
920 1761 972 1824 die
1006 1761 1171 1823 dominico
1196 1761 1278 1823 inter
1302 1775 1430 1822 octavas
1462 1758 1664 1821 sacratissimi

400 1869 543 1952 corporis
567 1868 695 1931 Christi.
713 1873 810 1929 Anno
834 1867 959 1929 domini
989 1887 1082 1950 1517.

611 1974 724 2036 Petrus
747 1974 916 2056 episcopus
939 1972 1071 2034 ecclesie

613 2080 850 2163 vesprimiensis
872 2093 904 2142 et
928 2081 1039 2142 banus.

506 2183 536 2254 (A
557 2189 655 2252 tergo.)
675 2187 921 2248 Venerabilibus
945 2206 980 2248 ac
1007 2185 1265 2247 honorabilibus.
1282 2185 1423 2247 dominis
1453 2185 1492 2245 de
1525 2185 1667 2266 capitulo

402 2294 535 2356 ecclesie
561 2293 786 2375 zagrabienais,
812 2291 960 2354 fratribus
984 2293 1016 2353 in
1041 2291 1171 2353 Christo
1196 2291 1288 2353 nobis
1312 2291 1446 2354 dilectis.

506 2433 642 2500 Originale
662 2434 687 2485 in
706 2433 804 2497 charta,
828 2447 843 2483 a
861 2436 936 2497 tergo
957 2432 1116 2496 impressum
1135 2435 1177 2482 est
1206 2431 1333 2495 sigillum.
1352 2430 1379 2482 ln
1399 2431 1498 2482 archiv.
1523 2445 1583 2482 ven.
1604 2431 1667 2494 Cap.

402 2524 584 2590 reginbach
605 2524 668 2587 Cap.
688 2526 741 2574 ant.
761 2522 825 2576 fasc.
845 2521 886 2574 95.
908 2535 945 2573 nr.
965 2521 1007 2574 62.

987 2801 1075 2866 144.

508 2963 582 3014 Anno
605 2961 680 3014 151⁷.
700 2963 742 3012 28.
762 2961 883 3026 Augusti.
904 2959 1059 3026 Zagrabiae.

410 3097 576 3171 Capimlum
600 3097 718 3170 zagrab.
742 3104 831 3169 rogat
854 3096 1011 3154 Mcolaum
1042 3095 1075 3152 de
1097 3096 1214 3171 Zenclre,
1251 3104 1285 3153 ut
1308 3087 1536 3170 proibendan'is
1570 3099 1675 3156 reddo!

615 3204 738 3273 domum,
763 3221 851 3276 quam
872 3202 909 3258 ab
932 3203 968 3259 iis
983 3210 1083 3275 parvo
1091 3204 1189 3276 pratri}
1210 3204 1335 3276 recipcre
1357 3200 1457 3265 voluit.

511 3344 646 3425 Egregie
671 3343 802 3404 domine
827 3343 929 3404 amice
954 3341 1153 3405 honorande.
1180 3342 1315 3405 Constat
1331 3343 1442 3405 Vestre
1467 3343 1597 3425 egregie
1615 3344 1670 3405 do·

405 3449 579 3510 minacioni
604 3448 770 3530 quomodo
795 3449 874 3510 alias
906 3449 937 3510 in
969 3449 1113 3531 precium
1146 3449 1263 3511 domus
1294 3449 1459 3531 quondam
1491 3449 1673 3512 Domkonis

404 3569 467 3616 tres
490 3555 597 3638 pecias
621 3554 659 3615 de
684 3573 826 3636 purpura
849 3555 908 3616 sub
933 3555 1142 3618 estimacione
1165 3555 1342 3636 nonaginta
1374 3555 1572 3618 florenorum
1602 3577 1671 3640 pre-

407 3659 570 3723 bendariis
593 3673 624 3723 et
659 3660 833 3742 capellanis
868 3660 955 3722 chori
993 3662 1125 3724 ecclesie
1159 3675 1267 3723 nostre
1302 3661 1444 3742 dederat,
1476 3676 1508 3725 et
1543 3664 1671 3746 insuper

407 3766 598 3829 Michaelem
623 3764 812 3848 Oprasnych
836 3765 1057 3828 fideiussorem
1081 3787 1139 3848 pro
1164 3766 1276 3829 decem
1301 3766 1432 3829 florenis
1455 3783 1615 3850 posuerat.
1632 3769 1671 3829 Et

407 3872 483 3953 quia
507 3872 593 3932 iuxta
629 3871 815 3933 huiusmodi
847 3871 1082 3933 dominacionis
1114 3873 1225 3936 Vestre
1256 3874 1400 3954 ergregie
1432 3875 1671 3936 estimacionem

406 3997 547 4060 purpura
570 3976 667 4039 vendi
691 3996 747 4059 per
772 3997 827 4038 eos
850 3977 1002 4039 hactenus
1027 3997 1092 4039 non
1116 3978 1231 4060 potuit,
1264 3998 1369 4060 neque
1402 3992 1546 4061 speratur
1578 3979 1671 4041 vendi

405 4104 511 4165 posse,
535 4103 593 4166 pro
626 4103 664 4144 eo
692 4084 768 4145 dicti
800 4083 1014 4165 prebendarii,
1039 4085 1196 4168 capellani
1231 4086 1342 4164 nostri,
1380 4084 1517 4146 eandem
1549 4085 1671 4147 dudum

407 4189 514 4270 precio
540 4209 605 4271 quo
629 4188 696 4250 fieri
721 4190 876 4271 potuisset
900 4189 1038 4251 vendere
1062 4205 1093 4253 et
1114 4211 1173 4274 pro
1205 4191 1335 4253 residuo
1368 4191 1506 4274 pecunie
1538 4191 1673 4253 domum

407 4313 530 4356 servare
556 4307 587 4356 et
610 4307 717 4357 tenere
741 4293 961 4375 intendebant,
986 4297 1046 4358 nisi
1071 4317 1130 4359 nos
1153 4296 1262 4359 favore
1296 4297 1533 4360 dominacionis
1565 4297 1674 4360 Vestre

408 4400 534 4479 egregie
570 4400 602 4461 id
632 4399 815 4461 faciendum
846 4402 1079 4464 annuissemus.
1115 4403 1209 4465 Unde
1234 4403 1497 4465 dominacionem
1528 4403 1675 4466 Vestram

409 4505 570 4584 egregiam
604 4507 803 4586 presentibus
840 4527 992 4589 rogamus
1028 4509 1208 4590 diligenter,
1240 4509 1318 4571 velit
1348 4509 1519 4591 pecuniam
1561 4508 1677 4570 domus

409 4607 495 4687 juxta
520 4622 550 4670 et
574 4612 750 4673 secundum
775 4615 1028 4676 convencionem
1047 4615 1162 4677 exinde
1197 4614 1313 4677 factam
1338 4615 1415 4697 ipsis
1446 4616 1677 4696 prebendariis,

412 4713 585 4792 capellanis
608 4718 732 4795 nostris,
757 4721 932 4800 restituere,
965 4741 1172 4803 purpuraque
1206 4723 1272 4804 ipsa
1296 4742 1355 4804 pro
1386 4743 1418 4783 se
1451 4723 1605 4804 recipere,
1638 4742 1677 4784 ne

412 4813 509 4876 iidem
533 4821 735 4898 prebendarii
760 4827 916 4907 capellani
941 4829 1040 4889 nostri
1069 4841 1225 4910 cogantur
1249 4830 1351 4911 ipsam
1384 4829 1494 4911 precio
1518 4829 1575 4890 vili
1603 4849 1677 4911 quo

412 4935 539 4996 possent
564 4927 700 4988 vendere
725 4942 756 4990 et
779 4930 913 4994 domum
938 4953 995 5014 pro
1027 4935 1155 4996 residuo
1173 4954 1371 5013 conservare,
1389 4935 1676 5018 dominacionique

414 5022 521 5085 Vestre
547 5029 660 5091 exinde
684 5035 805 5096 tedium
831 5038 963 5119 aliquod
988 5053 1019 5101 et
1036 5041 1214 5122 dampnum
1228 5040 1376 5119 inferant,
1394 5054 1425 5102 et
1442 5042 1588 5104 cumhoc
1606 5062 1678 5104 ean·
