3752 5806
855 559 930 620 Doc.
942 571 994 635 35.
1014 591 1052 602 —
1070 561 1117 616 An
1145 570 1235 633 1505.

1013 785 1072 850 35.

515 947 590 998 Anno
611 946 688 1011 1505,
708 947 731 997 3.
752 944 845 997 martii.
866 943 964 995 Badae.

420 1091 584 1149 Vlodislaus
614 1092 790 1166 Hungariae
819 1097 868 1150 etc.
892 1082 948 1146 rex'
976 1089 1128 1160 interdicit,
1159 1108 1193 1146 ne
1223 1108 1242 1146 a
1268 1091 1385 1163 populis
1414 1097 1444 1148 et
1464 1090 1676 1165 ybbagionibus

409 1197 535 1272 capituli
554 1199 749 1272 augrabiensis
771 1197 902 1254 collectae
924 1195 973 1252 vel
993 1195 1110 1252 denarn'
1122 1195 1253 1269 ficmales
1263 1203 1322 1268 pro
1338 1197 1457 1268 negotiis
1472 1214 1561 1269 regno
1577 1195 1676 1252 debitis

960 1303 1127 1374 exigantur.

517 1442 584 1502 Nos
619 1440 818 1502 Wladislaus
853 1439 904 1500 dei
940 1441 1045 1521 gracia
1082 1460 1134 1502 rex
1168 1440 1336 1522 Hungarie
1367 1453 1398 1501 et
1431 1439 1587 1502 Bobemie
1618 1451 1676 1502 etc.

413 1547 570 1608 Memorie
608 1545 872 1608 commendamus
910 1559 1020 1608 tenore
1058 1547 1260 1628 presencium
1298 1544 1513 1627 significantes
1559 1545 1677 1626 quibus

375 1715 376 1718 ,
411 1648 540 1735 expedit
562 1651 729 1730 universis,
754 1651 841 1732 quod
873 1671 933 1713 nos
956 1652 1193 1713 considerantes
1217 1652 1356 1713 multum
1385 1651 1536 1712 interesse
1560 1651 1677 1732 princi-

411 1759 506 1841 pibus
528 1758 693 1820 catholicis
717 1757 865 1819 ecclesias
892 1757 944 1818 dei
968 1758 1001 1820 in
1025 1759 1090 1819 suis
1114 1758 1208 1819 bonis
1230 1757 1463 1840 temporalibus
1487 1776 1553 1818 non
1576 1756 1677 1818 modo

410 1865 492 1926 tueri
511 1877 542 1925 et
558 1877 776 1942 manutenere,
789 1883 901 1924 verum
917 1883 971 1926 eas
986 1863 1242 1944 liberalitateque
1259 1862 1356 1944 digna
1373 1875 1404 1923 et
1420 1862 1553 1943 quidem
1569 1861 1678 1924 debita

410 1970 574 2051 prosequi,
603 1989 668 2052 quo
692 1969 829 2030 ministri
851 1988 962 2030 earum
982 1989 1019 2029 ex
1039 1969 1095 2030 tali
1112 1969 1164 2051 pia
1180 1969 1364 2051 provisione
1380 1967 1489 2048 aliqua
1506 1967 1677 2030 dulcedine

411 2089 548 2158 sumpta,
572 2075 682 2137 animo
713 2074 859 2136 alacriori
892 2075 991 2136 cultui
1024 2074 1135 2136 divino
1160 2074 1303 2136 insistere
1329 2087 1359 2136 et
1382 2093 1441 2156 pro
1464 2073 1566 2135 salute
1591 2075 1677 2156 ipsos

411 2183 444 2242 in
467 2181 699 2266 temporalibus
732 2181 917 2262 juvencium
941 2180 1068 2242 sedulas
1099 2181 1139 2242 ad
1163 2181 1355 2266 altissimum
1378 2199 1489 2262 preces
1512 2178 1677 2241 effundere

410 2289 543 2368 possint.
568 2287 651 2350 Sane
682 2289 779 2370 igitur
809 2307 868 2348 nos
899 2307 972 2348 cum
1002 2307 1060 2369 pro
1093 2307 1129 2348 ea
1160 2307 1216 2369 spe
1245 2301 1276 2348 et
1299 2287 1489 2366 devocione,
1513 2307 1577 2368 qua
1602 2306 1675 2368 erga

412 2393 631 2455 beatissimum
661 2393 859 2475 Stephanum
891 2412 999 2473 regem
1035 2405 1065 2454 et
1096 2391 1323 2471 confessorem,
1347 2393 1380 2453 in
1412 2393 1504 2453 cuius
1534 2393 1677 2473 glorioso

411 2499 543 2560 nomine
565 2499 697 2560 ecclesia
718 2498 932 2579 zagrabiensis
949 2496 1082 2559 fundata
1099 2511 1130 2560 et
1146 2511 1324 2559 constructa
1341 2497 1456 2575 existit,
1474 2498 1678 2578 singulariter

410 2617 567 2682 tenemur,
591 2618 659 2665 tum
691 2604 802 2681 eciam,
828 2604 902 2684 quia
934 2621 970 2663 ex
1007 2603 1228 2665 declaracione
1261 2603 1356 2664 simul
1383 2616 1414 2664 et
1437 2602 1678 2684 supplicacione

411 2710 542 2791 capituli
578 2709 721 2770 eiusdem
753 2708 885 2769 ecclesie
918 2708 1133 2789 zagrabiensis
1180 2708 1338 2769 Maiestati
1370 2721 1476 2769 nostre
1509 2721 1677 2790 propterea

411 2815 503 2895 facta,
527 2815 747 2896 intelligimus,
771 2813 908 2894 qualiter
939 2814 998 2896 ipsi
1027 2827 1058 2874 et
1091 2814 1231 2876 universi
1264 2813 1377 2896 populi
1407 2828 1438 2875 et
1463 2813 1677 2895 jobagionalis

411 2921 610 2983 condicionis
634 2919 780 2982 homines
799 2919 899 3001 ipsius
916 2920 1047 3001 capituli
1065 2920 1147 2981 inter
1163 2920 1241 2981 alias
1257 2939 1370 2980 eorum
1388 2919 1551 2981 libertates
1568 2921 1676 2982 eidem

411 3027 552 3110 capitulo
584 3047 601 3088 a
631 3027 713 3087 divis
743 3026 872 3107 regibus
896 3026 1073 3106 Hungarie,
1098 3027 1212 3087 nostris
1240 3025 1361 3087 scilicet
1384 3025 1676 3107 predecessoribus,

411 3152 586 3211 concessas,
614 3133 654 3193 ab
686 3132 819 3212 antiquo
854 3149 979 3212 semper
1009 3143 1040 3192 et
1072 3129 1112 3191 ad
1145 3132 1204 3193 hec
1235 3150 1337 3211 usque
1368 3143 1526 3216 tempora,
1554 3131 1678 3212 hacque

410 3238 554 3300 libertate
586 3239 634 3300 usi
667 3237 785 3298 fuerint
815 3249 846 3298 et
875 3237 994 3318 gavisi:
1019 3236 1107 3318 quod
1140 3237 1271 3318 quando
1296 3237 1485 3309 universitas
1515 3237 1677 3298 nobilium

411 3345 500 3426 regni
529 3344 627 3405 nostri
651 3343 819 3405 Sclavonie
850 3343 1041 3424 generaliter
1064 3343 1116 3404 vel
1139 3343 1320 3424 parcialiter
1342 3361 1401 3424 pro
1426 3343 1538 3422 aliquo
1563 3362 1678 3404 eorum

410 3451 546 3532 negocio
578 3449 663 3532 apud
687 3463 828 3510 nostram
854 3449 1053 3511 Maiestatem
1081 3449 1133 3510 vel
1157 3449 1259 3510 dictos
1283 3461 1408 3510 nostros
1435 3447 1680 3530 predecessores

410 3555 643 3638 promovendo,
668 3557 707 3617 ab
732 3555 845 3616 incolis
863 3555 952 3636 regni
977 3555 1101 3636 aliquas
1124 3554 1273 3616 collectas
1294 3555 1344 3616 vel
1364 3554 1516 3616 denarios
1540 3553 1680 3616 fumales

409 3662 492 3742 exigi
515 3661 702 3739 ordinasset,
725 3679 851 3741 semper
875 3660 933 3741 ipsi
958 3659 1070 3741 populi
1095 3674 1126 3720 et
1149 3659 1336 3741 jobagiones
1360 3658 1474 3740 prefati
1499 3661 1632 3742 capituli
1658 3681 1676 3721 a

410 3767 575 3828 solucione
591 3765 777 3828 huiusmodi
791 3765 997 3826 collectarum
1013 3765 1064 3825 vel
1078 3764 1282 3826 denariorum
1300 3763 1472 3826 fumalium
1485 3765 1519 3826 in
1532 3764 1680 3827 medium

411 3871 553 3953 ipsorum
570 3872 802 3952 regnicolarum
813 3871 893 3931 solvi
912 3869 1145 3948 debendorum,
1157 3870 1294 3952 exempti
1308 3869 1428 3932 fuerint
1444 3883 1475 3932 et
1486 3873 1678 3953 supportati.

412 3977 455 4038 lta
487 3997 545 4039 nos
577 3995 718 4057 quoque,
750 3977 805 4056 qui
842 3996 955 4037 omnes
985 3977 1075 4057 regni
1110 3977 1209 4036 nostri
1242 3976 1403 4056 ecclesias,
1436 3996 1574 4057 quarum
1611 3978 1679 4039 veri

411 4083 536 4162 patroni
560 4102 680 4160 sumus,
695 4082 726 4143 in
751 4102 860 4143 earum
884 4081 1006 4162 juribus
1030 4095 1060 4142 et
1085 4081 1284 4142 libertatibus
1303 4095 1413 4144 tenere
1436 4095 1467 4143 et
1488 4102 1680 4145 conservare

410 4200 565 4264 tenemur,
580 4187 769 4269 prescriptos
792 4187 925 4249 colonos
949 4199 980 4248 et
1003 4187 1191 4268 jobagiones
1219 4187 1364 4249 eiusdem
1387 4188 1520 4270 capituli
1544 4189 1680 4252 ecclesie

411 4293 625 4371 zagrabiensis
655 4296 695 4354 ab
727 4292 912 4354 huiusmodi
944 4293 1109 4354 solucione
1141 4293 1388 4375 prescriptorum
1412 4294 1625 4357 collectarum
1649 4310 1681 4356 et

411 4395 615 4458 denariorum
638 4398 677 4459 de
701 4397 786 4479 regie
810 4412 916 4459 nostre
940 4398 1139 4459 liberalitatis
1165 4413 1261 4480 atque
1285 4398 1510 4461 munificencie
1534 4401 1624 4463 dono
1650 4413 1681 4462 et

410 4502 515 4579 gracia
550 4504 680 4584 speciali
715 4503 864 4565 duximus
899 4504 1006 4565 denuo
1043 4517 1074 4564 et
1105 4524 1141 4564 ex
1173 4524 1260 4566 novo
1295 4519 1452 4588 perpetuo
1488 4507 1681 4569 eximendos

412 4617 443 4665 et
473 4592 718 4688 supportandos,
743 4610 842 4670 immo
874 4610 1044 4670 eximimus
1076 4623 1107 4671 et
1134 4624 1362 4693 supportamus
1393 4613 1598 4694 presencium
1623 4633 1682 4695 per

413 4709 565 4788 vigorem.
587 4713 744 4785 Quocirca
765 4715 856 4776 vobis
873 4714 1022 4775 fidelibus
1042 4715 1158 4776 nostris
1179 4716 1358 4796 magnificis
1379 4719 1470 4779 banis
1487 4739 1522 4779 ac
1541 4720 1682 4799 egregiis

412 4814 573 4876 vicebanis
589 4819 775 4897 eorundem,
792 4839 849 4880 nec
872 4839 935 4880 non
955 4820 1126 4881 comitibus
1142 4821 1193 4881 vel
1210 4821 1454 4885 vicecomitibus
1470 4838 1502 4885 et
1517 4824 1683 4906 judicibus

413 4919 570 4980 nobilium
601 4922 676 4983 dicti
705 4925 792 5005 regni
825 4925 924 4986 nostri
957 4925 1126 4988 Sclavonie
1158 4928 1360 5008 presentibus
1391 4942 1422 4990 et
1453 4928 1579 5008 futuris,
1605 4947 1682 5013 'pre-

412 5037 515 5085 sentes
539 5025 662 5104 visuris,
685 5027 796 5090 barum
829 5031 908 5090 serie
941 5029 1120 5092 firmissime
1152 5033 1385 5096 committimus
1414 5049 1444 5096 et
1476 5036 1684 5116 mandamus,
