3900 5804
369 387 429 467 328
786 387 871 444 Add:
894 389 971 447 Ann.
998 383 1092 464 1484.
1117 398 1208 462 1500.

560 493 1627 502 .——-—-—-—————-———-—.

367 617 467 679 libere
491 617 656 697 castigare,
681 635 798 698 penare
831 627 862 676 et
885 614 1056 677 emendare
1088 615 1269 677 secundum
1299 636 1411 678 eorum
1441 616 1570 698 culpam
1602 631 1634 678 et

368 723 522 784 demerita
570 723 696 783 valeant
737 735 832 802 atque
872 721 1004 803 possint,
1036 721 1261 802 cuiusquidem
1295 722 1430 785 emenda
1464 743 1521 784 seu
1551 741 1635 805 pene

369 829 448 890 duas
472 843 576 910 partes
598 827 735 888 habeant
771 825 912 909 prelatus
945 826 1097 889 dominus
1132 828 1231 888 abbas
1266 842 1321 890 aut
1355 848 1551 891 successores
1574 828 1635 908 sui,

368 935 497 996 terciam
522 954 598 995 vero
622 947 744 1016 partem
768 933 922 1015 percipiat
945 932 1031 994 idem
1056 931 1152 1012 judex
1177 933 1307 1014 capituli
1332 934 1491 1015 prelibati.
1510 935 1635 996 Memo-

369 1041 427 1102 rati
451 1041 551 1101 eciam
576 1041 660 1100 cives
685 1039 784 1121 ipsius
808 1038 932 1100 domini
949 1039 1034 1099 Petri
1059 1026 1183 1100 abbatis
1207 1039 1238 1100 in
1264 1039 1347 1101 dicta
1369 1041 1524 1122 Zagrabia
1547 1059 1635 1102 com-

370 1161 542 1224 morantes,
563 1147 609 1206 illi
635 1145 809 1223 dumtaxat,
834 1145 889 1226 qui
914 1145 1013 1208 modo
1037 1145 1234 1226 preallegato
1252 1146 1442 1227 prescriptas
1459 1165 1581 1208 merces
1594 1146 1635 1207 de

369 1251 483 1314 exteris
516 1251 701 1332 regionibus
736 1265 766 1311 et
801 1251 974 1332 provinciis
1009 1250 1049 1311 ad
1079 1265 1184 1332 partes
1221 1250 1385 1313 deducunt
1419 1265 1450 1312 et
1487 1250 1636 1313 deferunt

370 1359 536 1439 Hungarie
560 1371 591 1419 et
615 1356 786 1420 Sclauonie
811 1377 847 1418 ac
870 1357 948 1417 alias
973 1357 1153 1438 provincias
1176 1369 1207 1418 et
1231 1378 1247 1418 e
1272 1377 1439 1436 conversO,
1465 1358 1504 1419 de
1526 1358 1635 1419 huius-

369 1464 461 1526 modi
497 1465 592 1524 rebus
617 1477 647 1524 et
678 1464 838 1525 mercibus
869 1481 958 1524 more
987 1463 1195 1544 jobagionurn
1228 1463 1367 1526 aliorum
1399 1464 1636 1546 regnicolarum

369 1571 526 1631 tributum
556 1589 612 1631 seu
646 1569 805 1630 telonium
830 1567 980 1650 predictis
1014 1568 1155 1630 dominis
1189 1569 1330 1651 capitulo
1354 1589 1480 1652 semper
1510 1570 1637 1632 solvere

370 1676 509 1738 debeant
534 1689 564 1737 et
587 1689 773 1750 teneantur,
798 1675 893 1736 ceteri
918 1694 993 1735 vero
1017 1674 1102 1736 cives
1126 1674 1250 1736 domini
1281 1676 1405 1736 abbatis
1437 1676 1536 1758 ipsius
1572 1675 1635 1736 vici

369 1784 409 1844 ab
434 1782 523 1845 omni
548 1781 717 1843 solucione
741 1779 884 1842 eiusdem
909 1780 1030 1857 tributi,
1054 1795 1187 1862 excepto
1200 1781 1343 1862 quodam
1359 1781 1479 1842 tributo
1504 1781 1636 1863 Fylyar-

369 1889 487 1971 schyna
512 1888 684 1970 appellatO,
711 1887 800 1969 quod
825 1889 864 1948 ab
900 1887 1033 1968 antiquo
1058 1899 1089 1948 et
1112 1885 1265 1948 hactenus
1297 1887 1460 1965 solverint,
1494 1889 1636 1969 exempti

371 2009 402 2056 et
424 1993 601 2076 supportati
624 1993 817 2071 habeantur,
848 1993 940 2054 salvo
958 1993 983 2054 si
1001 1993 1086 2053 cives
1109 1992 1209 2074 ipsius
1225 1993 1350 2054 domini
1367 1994 1490 2054 abbatis
1509 1993 1636 2054 racione

370 2099 557 2162 huiusmodi
581 2099 757 2161 solucionis
780 2099 889 2160 tributi
915 2117 1017 2180 usque
1042 2113 1169 2160 octavas
1203 2097 1274 2160 festi
1299 2099 1382 2160 beati
1416 2100 1526 2162 Jacobi
1559 2118 1636 2180 apo·

370 2207 444 2268 stoli
470 2205 616 2288 proxime
631 2205 755 2266 venturi
781 2204 831 2265 vel
849 2204 880 2264 in
905 2203 1027 2265 eisdem
1052 2205 1172 2266 octavis
1189 2223 1262 2266 cum
1280 2205 1420 2266 dominis
1437 2206 1577 2288 capitulo
1595 2204 1636 2266 de

371 2313 436 2389 jure
461 2332 530 2391 suo,
555 2312 692 2393 siquod
717 2311 911 2393 pretendunt
946 2329 979 2371 se
1003 2311 1120 2373 habere
1155 2311 1195 2372 de
1219 2331 1284 2373 non
1320 2312 1477 2374 solvendo
1504 2312 1636 2396 tributo,

371 2419 556 2481 huiusmodi
571 2418 712 2500 expediri
727 2417 886 2479 valuerint
902 2431 933 2479 et
948 2417 981 2478 id
1000 2415 1137 2478 faciendi
1154 2418 1286 2480 liberam
1301 2418 1439 2480 habeant
1452 2416 1635 2480 facultatem

373 2526 547 2588 terminum
574 2543 675 2604 usque
700 2523 923 2605 prescriptum,
948 2523 1089 2604 denique
1110 2537 1217 2585 tamen
1237 2523 1275 2584 ad
1301 2524 1402 2606 ipsam
1435 2523 1635 2585 solucionem

370 2632 479 2693 tributi
504 2631 589 2692 cives
613 2629 688 2690 dicti
714 2629 838 2690 domini
863 2629 986 2690 abbatis
1011 2629 1065 2690 lite
1090 2628 1273 2691 huiusmodi
1292 2629 1452 2711 pendente
1474 2631 1537 2690 sint
1554 2629 1636 2691 obli-

370 2738 445 2819 gati.
470 2737 520 2796 Ad
545 2756 608 2817 que
632 2736 742 2796 omnia
767 2735 919 2816 premissa
944 2748 975 2796 et
997 2735 1226 2816 premissorum
1250 2736 1376 2817 singula
1400 2735 1513 2796 eedem
1530 2749 1636 2818 partes

370 2863 403 2904 se
428 2843 613 2923 obligarunt
636 2855 667 2902 et
691 2841 920 2923 inscripserunt
942 2841 1090 2903 similiter
1113 2861 1220 2902 coram
1246 2843 1339 2904 nobis
1363 2843 1472 2922 vigore
1497 2855 1528 2902 et
1550 2843 1637 2904 testi-

372 2949 484 3010 monio
519 2949 721 3030 presencium
756 2947 928 3010 mediante.
965 2948 1130 3009 Presentes
1164 2948 1278 3028 sigillis
1313 2949 1516 3030 egregiorum
1549 2948 1633 3009 Petri

372 3054 524 3137 Bochlray
547 3053 587 3116 de
611 3053 937 3136 Razynalrereszthur
961 3068 992 3115 et
1016 3053 1155 3115 Ladislai
1187 3054 1259 3116 Roh
1291 3055 1330 3115 de
1363 3055 1476 3134 Detbe,
1511 3055 1637 3116 viceba-

371 3181 488 3234 norum
512 3174 543 3222 et
566 3162 721 3224 comitum
738 3175 919 3224 nostrorum
937 3161 1134 3222 crisiensium
1158 3161 1291 3224 lecimus
1309 3163 1500 3244 consignari.
1518 3164 1636 3224 Datum

373 3267 528 3348 Zagrabie
552 3267 704 3350 predicta.

477 3409 598 3460 Coaevus
618 3415 763 3473 conceptus
782 3409 808 3460 in
828 3409 927 3472 charta,
948 3409 974 3458 ln
990 3407 1087 3458 archiv.
1107 3407 1231 3457 venerab.
1251 3407 1359 3470 capituli
1380 3409 1485 3472 zagrab.
1498 3407 1556 3460 Act.
1570 3407 1634 3471 Cap.

374 3502 425 3550 ant.
449 3497 512 3549 lasc.
535 3499 575 3550 17.
595 3513 633 3550 ur.
654 3499 696 3548 80.

478 3971 555 4020 Anno
577 3969 653 4020 130⁰.
674 3969 698 4020 6.
718 3967 789 4020 maii.
807 3966 906 4019 Budas.

384 4116 564 4174 Wladislaus
586 4116 689 4188 Hung.
713 4121 762 4176 etc.
788 4133 842 4172 rex
855 4117 1044 4188 possessiones
1052 4115 1231 4193 Jakopovec,
1247 4135 1270 4176 s.
1288 4116 1430 4192 Kelemen,
1461 4117 1632 4192 Ceperle'nec,

373 4219 559 4280 Imbrihavec
579 4229 609 4279 et
628 4220 793 4296 Svinudam,
818 4239 892 4296 quas
923 4222 1079 4294 capimlum
1110 4223 1226 4295 sagrab.
1258 4242 1277 4280 a
1308 4230 1448 4282 matrona
1480 4223 1573 4282 Lucia
1605 4225 1639 4282 de

626 4325 727 4385 Zemlc
750 4326 824 4384 dono
847 4328 961 4402 accepit,
987 4327 1074 4384 eidem
1096 4324 1223 4402 capitulo
1244 4329 1405 4402 confimat.

1028 4465 1188 4517 Commissio
1207 4466 1317 4530 propria
1336 4465 1434 4517 domini
1449 4466 1529 4531 regis.

479 4555 546 4616 Nos
570 4554 769 4617 Wladislaus
786 4555 837 4615 dei
860 4555 967 4637 gracia
998 4574 1053 4615 rex
1083 4555 1260 4637 Hungarie,
1294 4555 1460 4618 Bohemie·
1486 4567 1545 4618 etc.
1570 4555 1646 4617 Me·.

373 4661 475 4722 morie
499 4661 765 4723 commendamus
788 4673 899 4723 tenore
922 4662 1124 4743 presencium
1141 4661 1356 4744 significantes
1372 4661 1489 4743 quibus
1507 4662 1637 4743 expedit

373 4766 539 4830 universis.
565 4767 663 4841 Quod
687 4787 746 4849 pro
770 4779 858 4849 parte
883 4767 961 4829 etin
984 4767 1128 4849 personis
1154 4766 1299 4828 fidelium
1327 4781 1509 4828 nostrorum
1533 4765 1637 4828 hono-

372 4871 482 4931 rabilis
506 4873 636 4954 capituli
660 4873 792 4935 ecclesie
816 4873 1032 4956 zagrabiensis
1049 4871 1187 4934 exhibite
1205 4885 1279 4934 sunt
1302 4873 1395 4934 nobis
1411 4885 1442 4934 et
1459 4883 1638 4954 presentata
