3808 5792
624 561 697 620 Doc.
725 572 792 636 135.
819 593 861 604 —
886 563 940 622 An.
962 559 1052 636 1516.
1411 583 1467 645 173

212 787 347 870 scriptis,
361 788 573 870 precipientes
597 787 828 851 committimus
852 801 883 851 et
899 789 1090 852 mandamus
1107 803 1265 872 quatenus
1281 791 1388 853 statim
1403 791 1478 853 visis

211 893 413 974 presentibus
434 913 470 955 ac
493 893 571 955 dum
596 907 626 955 et
649 895 780 975 quando
804 914 878 957 cum
902 895 1103 977 presentibus
1127 893 1250 958 fueritis
1274 898 1417 978 requisiti
1442 917 1478 959 ac

211 998 291 1060 alter
314 1011 454 1060 vestrum
479 997 574 1062 luerit
597 999 778 1082 requisitus,
803 1013 988 1079 statuentes,
1013 1001 1102 1083 quod
1133 1002 1165 1062 in
1185 983 1251 1064 vhiis
1284 1003 1479 1085 exequendis

214 1123 316 1166 unum
339 1105 474 1167 alterum
499 1124 566 1167 non
587 1119 740 1188 expectet,
765 1126 823 1168 nec
847 1125 931 1169 unus
954 1127 987 1170 se
1012 1127 1070 1190 pro
1094 1109 1158 1170 alio
1183 1122 1320 1189 excuset,
1344 1111 1384 1171 sd
1408 1129 1478 1193 pre-

215 1208 315 1273 latum
341 1212 541 1274 Demetrium
566 1213 765 1295 prepositum
795 1213 962 1292 accedatis,
995 1214 1165 1296 ipsumque
1196 1216 1222 1277 si
1253 1217 1322 1277 eius
1352 1235 1479 1298 presen-

213 1318 295 1379 ciam
319 1318 455 1380 comode
480 1318 597 1382 babere
622 1319 777 1402 poteritis,
805 1319 951 1402 alioquin
976 1321 1020 1383 sic
1053 1335 1084 1382 et
1115 1322 1220 1384 taliter
1253 1322 1342 1403 quod
1370 1323 1479 1384 huius-

214 1423 302 1485 modi
327 1437 429 1486 vestra
463 1425 565 1488 immo
589 1425 695 1488 verius
718 1437 826 1487 nostra
858 1426 972 1488 citacio
996 1427 1036 1488 ad
1068 1427 1168 1510 ipsius
1199 1429 1298 1510 possit
1329 1429 1478 1491 devenire

214 1530 365 1592 noticiam
399 1531 624 1610 indubitatam,
658 1531 845 1594 auctoritate
883 1533 1058 1616 apostolica
1101 1534 1195 1596 nobis
1230 1535 1262 1596 in
1297 1535 1356 1598 hac
1391 1549 1479 1618 parte

216 1653 376 1715 concessa,
400 1649 542 1698 nostram
567 1637 782 1720 peremptorie
814 1638 917 1700 citetis
948 1639 979 1700 in
1005 1639 1214 1721 presenciam,
1239 1659 1337 1722 quem
1369 1655 1399 1702 et
1422 1661 1481 1702 nos

214 1741 293 1802 serie
318 1743 519 1824 presencium
543 1744 588 1804 sic
612 1745 757 1823 citamus,
782 1757 816 1805 ut
840 1745 907 1826 ipse
931 1744 1170 1826 quintadecima
1202 1745 1254 1808 die
1278 1745 1342 1808 diei
1367 1765 1479 1808 execu-

214 1847 316 1909 cionis
339 1862 441 1910 vestre
464 1849 490 1910 si
514 1847 648 1930 juridica
674 1847 780 1929 fuerit,
796 1849 942 1932 alioquin
960 1850 1058 1911 altera
1075 1849 1126 1912 die
1144 1849 1278 1930 juridica
1295 1852 1479 1914 immediate

214 1966 379 2035 sequente,
403 1975 467 2037 qus
491 1975 551 2017 nos
574 1955 614 2017 ad
638 1955 707 2038 jura
731 1955 871 2017 radenda
896 1969 927 2016 et
958 1975 1068 2016 causas
1091 1955 1268 2019 audiendas
1297 1977 1356 2040 pro
1380 1958 1479 2020 tribu·

216 2059 278 2122 nali
303 2059 413 2122 sedere
439 2061 610 2143 contigerit
634 2061 773 2124 Chasme
798 2079 906 2122 coram
930 2061 1025 2122 nobis
1048 2061 1204 2144 legittime
1226 2077 1409 2146 compareat
1424 2083 1480 2146 per

214 2184 246 2225 se
271 2165 321 2226 vel
346 2183 403 2247 per
425 2179 665 2248 procuratorem
689 2167 884 2248 legittimum
908 2166 949 2228 ad
968 2187 1096 2229 causam
1115 2180 1145 2229 et
1161 2188 1271 2230 causas
1294 2169 1479 2232 huiusmodi

216 2269 408 2334 sufficienter
432 2273 621 2336 instructum
645 2274 685 2335 ad
710 2273 887 2336 videndum
904 2285 935 2334 et
951 2273 1150 2336 audiendum
1168 2273 1199 2335 in
1216 2294 1310 2336 causa
1331 2290 1362 2337 et
1377 2277 1481 2338 causis

216 2379 387 2458 premissis.
411 2380 480 2441 Nos
503 2379 624 2462 judices
649 2379 815 2442 declararii
841 2393 1061 2463 competentes
1084 2379 1134 2441 vel
1159 2380 1301 2443 dicentes
1325 2395 1356 2443 et
1379 2402 1480 2464 oppo-

216 2497 337 2562 nentes,
361 2485 386 2546 si
412 2485 490 2566 quid
515 2487 689 2548 verbovel
714 2487 746 2548 in
771 2486 896 2568 scriptis
928 2485 1033 2548 dicere
1064 2484 1116 2547 vel
1147 2505 1312 2568 opponere
1343 2487 1481 2550 voluerit

216 2603 325 2651 contra
355 2591 545 2672 preinsertss
580 2592 701 2654 litteras
745 2591 937 2676 apostolicas
968 2603 1023 2652 aut
1053 2611 1205 2674 personas
1235 2607 1370 2672 nostras,
1402 2593 1481 2654 alias

215 2714 312 2776 quam
336 2696 466 2779 prelatis
489 2699 630 2760 dominis
646 2698 866 2781 prebendariis
882 2698 1144 2792 zagrabiensibus
1160 2697 1211 2759 vel
1229 2699 1371 2781 ipsorum
1388 2699 1479 2780 legit·

216 2801 294 2864 timo
319 2805 516 2886 procuratori
542 2805 581 2866 de
613 2819 644 2867 et
668 2825 763 2888 super
794 2804 955 2887 premissis
979 2804 1011 2865 in
1046 2803 1113 2886 jure
1139 2824 1358 2886 responsurus,
1383 2825 1418 2866 ac
1448 2805 1480 2867 in

217 2928 309 2971 causa
334 2923 365 2972 et
388 2911 491 2972 causis
515 2911 702 2972 huiusmodi
730 2911 771 2972 ad
795 2929 908 2973 omnes
940 2923 971 2972 et
1003 2911 1148 2992 singulos
1179 2923 1267 3003 actus
1297 2909 1481 2992 judiciarios

216 3015 373 3094 gradatim
398 3029 429 3079 et
451 3018 626 3080 successive
660 3017 826 3099 usquead
859 3016 1053 3078 sentenciam
1088 3015 1290 3079 diffinitivam
1314 3018 1481 3096 inclusive,

217 3120 332 3184 debitis
355 3134 462 3186 tamen
487 3136 518 3185 et
542 3125 701 3186 consvetis
724 3123 870 3186 terminis
893 3137 924 3185 et
948 3123 1162 3186 dilacionibus
1186 3123 1481 3203 intervenientibus,

217 3229 395 3308 processuri
420 3242 451 3292 et
474 3230 606 3312 procedi
638 3230 747 3309 visuri,
779 3229 905 3308 dicturi,
937 3229 1048 3306 acturi,
1081 3230 1220 3292 audituri
1253 3243 1284 3292 et
1314 3230 1482 3313 recepturi,

217 3333 303 3414 quod
328 3333 448 3415 justum
472 3334 568 3397 fuerit
591 3349 623 3398 et
646 3335 727 3398 ordo
751 3335 918 3397 dictaverit
942 3334 1028 3414 juris,
1044 3335 1252 3398 certificantes
1277 3335 1397 3397 dictum
1423 3335 1482 3397 do-

217 3439 340 3502 minum
365 3442 563 3524 prepositum
587 3441 631 3503 sic
656 3441 798 3520 citatum,
823 3442 912 3523 quod
942 3442 1008 3504 sive
1033 3441 1100 3524 ipse
1133 3442 1166 3504 in
1200 3442 1285 3504 dicto
1317 3441 1482 3504 citacionis

217 3546 354 3608 termino
378 3566 486 3608 coram
509 3548 603 3609 nobis
627 3547 659 3608 in
683 3546 803 3629 judicio
836 3561 1020 3630 compareat
1048 3547 1114 3609 sive
1146 3567 1222 3626 non,
1258 3567 1317 3610 nos
1349 3547 1483 3609 ulterius

218 3669 281 3712 non
306 3651 383 3713 alibi
408 3653 441 3714 in
465 3654 618 3736 partibus,
642 3652 698 3715 sed
722 3673 778 3735 per
809 3653 950 3715 edictum
982 3653 1149 3736 publicum
1181 3653 1214 3714 in
1245 3651 1368 3714 foribus
1399 3652 1481 3714 dicte

218 3757 349 3820 ecclesie
373 3757 567 3821 cbasmensis
591 3779 680 3821 more
704 3759 800 3821 solito
824 3760 953 3840 publice
977 3759 1083 3837 citato,
1108 3759 1148 3820 ad
1172 3758 1270 3840 partis
1293 3778 1400 3820 coram
1425 3777 1482 3819 no·

218 3863 265 3923 bis
288 3865 502 3946 comparentis
525 3866 713 3928 instanciam
737 3865 769 3926 in
794 3884 888 3926 causa
913 3879 944 3926 et
967 3865 1069 3927 causis
1093 3863 1278 3926 huiusmodi
1295 3864 1426 3928 servatis
1442 3863 1482 3925 de

218 3969 284 4050 jure
309 3971 474 4033 servandis
497 3972 537 4033 ad
562 3972 713 4033 ulteriora
747 3971 969 4054 procedemus,
993 3971 1124 4033 alterius
1154 3971 1251 4053 partis
1282 3969 1482 4031 contumacia

217 4075 266 4137 vel
290 4077 439 4139 absencia
465 4077 497 4139 in
522 4078 632 4160 aliquo
657 4097 722 4139 non
747 4079 911 4154 obstante;
936 4091 967 4140 et
991 4079 1120 4160 insuper
1144 4075 1354 4153 attendentes,
1394 4074 1482 4156 quod

219 4181 248 4242 in
273 4202 369 4245 causa
394 4197 425 4246 et
448 4185 550 4246 causis
583 4183 768 4246 huiusmodi
800 4203 908 4246 coram
942 4184 1036 4246 nobis
1067 4181 1226 4262 indecisi's,
1257 4181 1483 4264 pendentibus,

217 4287 297 4350 nihil
337 4290 377 4351 sit
416 4309 472 4372 per
511 4291 699 4373 quempiam
738 4289 960 4352 innovandum
996 4309 1051 4350 seu
1091 4287 1356 4370 attemptandum,
1391 4287 1483 4348 vobis

216 4395 368 4458 omnibus
391 4411 422 4458 et
444 4396 578 4478 singulis
602 4409 633 4460 et
656 4409 797 4458 vestrurn
822 4396 953 4458 cuilibet
969 4393 1144 4477 apostolica
1162 4393 1349 4456 auctoritate
1373 4411 1482 4474 suprs-

217 4500 300 4563 dicta
324 4515 437 4564 tenore
460 4504 661 4584 presencium
686 4501 918 4564 committimus
941 4515 972 4563 et
995 4501 1196 4578 mandamus,
1214 4512 1371 4581 quatenus
1395 4518 1482 4559 reve·

217 4607 410 4670 rendissimo
434 4608 568 4670 domino
593 4609 746 4670 cardinali
771 4607 975 4689 strigoniensi
1007 4621 1065 4670 etc.
1087 4621 1118 4668 et
1141 4605 1317 4667 reverendo
1349 4603 1483 4665 domino

218 4713 347 4776 Andree
372 4715 574 4776 decretorum
599 4715 734 4793 doctori,
759 4713 987 4796 prepositoque
1005 4712 1182 4774 chasmensi
1201 4725 1259 4773 etc.
1276 4724 1307 4772 et
1322 4711 1484 4790 signanter

218 4820 342 4902 prelato
367 4821 531 4883 Demetrio
556 4807 725 4902 preposito'
743 4839 781 4881 ex
805 4818 940 4880 adverso
964 4837 1022 4900 pro
1057 4818 1236 4899 principali,
1268 4816 1483 4896 omnibusque

218 4927 288 4988 aliis
313 4927 570 5008 quibuscumque
595 4925 781 4987 nominibus
805 4937 1004 5001 censeantur,
1029 4924 1215 4986 auctoritate
1231 4921 1407 5004 apostolica
1423 4922 1482 4982 sub

219 5033 301 5096 dicta
327 5033 675 5095 excommunicacionis
698 5052 734 5094 ac
758 5045 909 5113 quattuor
932 5030 1076 5092 millibus
1109 5031 1297 5092 ducatorum
1322 5029 1411 5110 penis
1436 5027 1482 5088 in·
