3732 5802
645 581 717 639 Doc.
735 577 785 654 65.
805 613 844 624 -
863 581 919 636 An.
940 575 1028 655 1508.
1407 581 1448 664 69

177 806 369 868 eorumdem
394 825 548 888 generosa
573 805 704 868 domina
730 805 850 888 Sophia
875 805 983 868 relicta
1002 805 1145 868 eiusdem
1163 807 1301 870 condam
1318 809 1445 871 Andree

178 913 366 995 llennyngh
389 925 511 974 teneret
541 926 572 974 et
599 925 811 990 conservaret,
836 912 937 974 eciam
961 911 1001 974 de
1025 914 1175 994 presenti,
1200 915 1232 976 in
1257 915 1446 978 eorumdem

176 1019 415 1102 exponencium
440 1018 652 1100 preiudicium
675 1032 771 1100 atque
788 1017 943 1080 damnum
961 1037 1026 1080 non
1043 1018 1218 1082 modicum.
1237 1021 1322 1082 Cum
1338 1033 1445 1083 tamen

176 1127 202 1187 si
232 1124 349 1207 prelati
381 1137 577 1206 exponentes
604 1139 748 1206 tempore
780 1125 1031 1206 expugnacionis
1059 1124 1142 1186 dicte
1175 1127 1309 1188 civitatis
1338 1141 1443 1190 nostre

176 1231 296 1292 montis
322 1230 493 1294 Grecensis
523 1231 643 1292 litteras
674 1243 704 1292 et
732 1229 899 1313 privilegia
924 1231 1066 1311 ipsorum
1091 1249 1156 1292 non
1181 1232 1394 1296 ammisissent
1417 1247 1448 1296 et

175 1352 322 1420 ternpore
356 1336 593 1419 prosecucionis
624 1336 723 1417 ipsius
754 1355 847 1398 cause
877 1357 930 1398 eas
954 1336 985 1397 in
1010 1335 1085 1397 sede
1110 1337 1216 1398 banali
1242 1337 1390 1400 exhibere
1415 1353 1447 1402 et

174 1441 354 1524 producere
380 1443 567 1524 potuissent,
590 1457 768 1523 sperassent
791 1462 823 1504 se
849 1455 879 1503 et
903 1461 1032 1504 causam
1048 1462 1139 1504 suam
1156 1459 1266 1506 contra
1282 1443 1441 1526 prelatum

176 1549 317 1610 condam
342 1548 521 1610 Johannem
548 1547 711 1630 Hennyng
735 1547 774 1608 de
801 1546 886 1610 facili
913 1546 1084 1609 defendere
1109 1549 1261 1630 potuisse,
1286 1569 1445 1632 posseque

176 1667 343 1746 sperarent
375 1653 567 1735 recuperatis
599 1654 664 1714 iam
696 1667 727 1716 et
758 1653 931 1716 reinventis
962 1653 1085 1734 juribus
1112 1654 1255 1736 ipsorum
1281 1657 1381 1718 eciam
1407 1656 1446 1718 de

176 1761 329 1842 presenti.
371 1759 465 1831 Unde
500 1760 712 1842 supplicatum
750 1759 867 1822 exstitit
902 1759 1059 1822 Maiestati
1093 1773 1199 1822 nostre
1235 1761 1267 1822 in
1303 1763 1447 1844 personis

176 1867 337 1928 dictorum
373 1866 617 1948 exponentium,
642 1879 676 1926 ut
707 1865 783 1947 ipsis
813 1861 895 1926 circa
919 1865 1073 1946 premissa
1101 1865 1139 1927 de
1164 1881 1347 1949 opportuno
1371 1867 1447 1950 juris

176 1973 322 2034 remedio
348 1972 516 2053 providere
541 1971 755 2053 dignaremur.
782 1972 848 2032 Nos
872 1971 979 2051 igitur,
1007 1972 1062 2052 qui
1088 1993 1123 2032 ex
1149 1971 1258 2034 debito
1282 1973 1447 2054 regiminis

176 2079 275 2140 nostri
313 2077 412 2140 oflicii
445 2077 586 2140 delectus
618 2077 820 2140 subditorum
853 2091 1035 2140 nostrorum
1067 2077 1099 2138 in
1128 2097 1279 2160 processu
1310 2077 1445 2159 juridico

176 2185 379 2266 contigentes
403 2203 458 2266 per
482 2197 662 2266 opportuna
687 2183 828 2244 remedia
853 2183 885 2244 in
909 2183 1026 2244 melius
1049 2182 1221 2244 reformare
1241 2197 1272 2245 et
1292 2184 1446 2247 debemus

176 2303 208 2351 et
230 2309 414 2372 possumus,
431 2303 558 2372 accepta
581 2289 767 2351 huiusmodi
784 2289 1023 2371 supplicacione
1037 2288 1196 2350 dictorum
1210 2291 1445 2372 exponentium

176 2396 300 2457 eisdem
334 2396 366 2457 id
398 2397 540 2477 graciose
574 2395 724 2456 duximus
755 2394 962 2456 annuendum
992 2407 1023 2459 et
1048 2395 1301 2475 concedendum,
1327 2411 1361 2458 ut
1386 2397 1444 2479 ipsi

176 2522 242 2563 non
268 2505 416 2564 obstante
440 2502 683 2564 adiudicacione
707 2502 781 2562 bani
806 2501 893 2562 illius
916 2501 1005 2581 regni
1032 2501 1130 2562 nostri
1156 2501 1338 2581 Sclauonie,
1362 2502 1445 2566 litte-

175 2609 284 2689 risque
320 2608 435 2670 exinde
463 2605 616 2670 confectis
640 2621 670 2668 et
694 2606 894 2688 processibus
916 2606 1093 2668 subsecutis
1117 2625 1210 2668 causa
1233 2607 1266 2668 in
1290 2609 1444 2689 premissa

176 2729 288 2775 contra
316 2713 471 2795 prefatam
503 2713 668 2775 dominam
695 2712 859 2795 Sophiam,
888 2712 1031 2774 relictam
1055 2711 1131 2774 dicti
1156 2711 1293 2775 condam
1317 2714 1445 2778 Andree

177 2819 376 2903 Hennyngb,
408 2839 528 2880 novum
561 2818 716 2900 judicium
748 2819 899 2900 recipere,
926 2818 1136 2899 racionesque
1169 2831 1200 2880 et
1232 2819 1446 2901 allegaciones

175 2946 248 2987 suas
282 2938 313 2987 et
345 2926 453 2987 omnia
485 2945 533 3003 ca,
557 2945 619 3006 que
645 2926 676 2986 in
704 2945 797 2986 causa
822 2925 889 3006 ipsa
913 2923 1031 2984 luerint
1054 2924 1242 3006 necessaria,
1267 2925 1299 2986 in
1324 2926 1444 2986 octavis

177 3032 246 3094 lesti
272 3031 527 3114 Epiphaniarum
551 3031 675 3093 domini
698 3031 842 3113 proxime
859 3029 1002 3090 alluturis
1020 3048 1127 3090 coram
1145 3029 1221 3090 dicti
1236 3020 1325 3112 legni
1345 3032 1444 3092 nostri

177 3139 351 3202 Sclanonie
385 3139 476 3226 banis
499 3139 531 3200 in
556 3138 630 3200 sede
655 3137 852 3220 zagrabiensi
877 3136 993 3214 dicere,
1018 3135 1185 3217 facereque
1210 3149 1241 3197 et
1263 3155 1444 3218 proponere

177 3247 307 3308 valeant
328 3259 424 3326 atque
446 3245 578 3327 possint,
596 3245 697 3306 immo
713 3244 886 3304 annuimus
903 3256 934 3303 et
950 3241 1157 3303 concedimus
1172 3242 1373 3324 presencium
1390 3263 1446 3326 per

175 3352 332 3434 vigorem.
365 3351 524 3424 Quocirca
556 3349 699 3411 fidelitati
724 3363 825 3410 vestre
849 3347 980 3408 firmiter
1004 3347 1216 3430 precipientes
1239 3347 1441 3428 mandamus,

176 3473 338 3539 quatenus
362 3471 501 3516 vestrum
526 3455 657 3516 mittatis
680 3454 845 3516 hominem
867 3473 925 3536 pro
948 3453 1131 3514 testimonio
1151 3452 1361 3534 fidedignum,
1379 3474 1444 3536 quo

176 3577 337 3646 presente,
363 3562 473 3623 Petrus
498 3560 644 3643 lmprych
670 3561 709 3621 de
734 3561 916 3642 Jamnycza,
938 3574 992 3620 aut
1023 3559 1183 3640 Georgius
1206 3559 1245 3619 de
1268 3557 1444 3644 Schytaryo

176 3669 227 3732 vel
265 3669 421 3730 Nicolaus
456 3666 495 3728 de
532 3669 733 3729 llrwssowcz
769 3686 824 3728 seu
860 3665 1021 3727 Johannes
1052 3665 1091 3726 de
1122 3665 1343 3726 Chernkowcz
1375 3665 1443 3727 sive

179 3775 339 3836 Martinus
372 3773 590 3856 Dragachych,
615 3773 663 3834 sin
697 3772 858 3834 Johannes
893 3785 947 3832 aut
982 3771 1119 3832 Michael
1155 3771 1367 3854 Barylowych
1403 3772 1442 3834 de

176 3881 326 3963 Gorycza
351 3879 402 3940 vel
426 3879 587 3955 Johannes
604 3879 759 3940 litteratus
775 3879 814 3938 de
833 3877 1026 3956 Morawcha,
1043 3877 1113 3937 aliis
1131 3877 1325 3956 absentibus,
1342 3877 1442 3941 homo

176 4003 295 4066 noster,
321 4001 530 4048 memoratam
563 3987 728 4048 dominam
762 3985 915 4067 Sophiam
948 3983 986 4044 ad
1020 3997 1146 4045 octavas
1171 3984 1245 4060 dicti
1271 3981 1341 4044 festi
1367 3985 1442 4066 Epi·

176 4095 370 4177 phaniarum
392 4092 526 4170 domini,
543 4112 628 4153 nunc
645 4105 804 4170 venturas,
821 4111 915 4152 causa
933 4091 963 4150 in
981 4091 1133 4172 premissa
1149 4109 1271 4152 novum
1288 4089 1443 4170 judicium

175 4213 387 4282 recepturam,
405 4197 655 4280 prescriptasque
672 4198 792 4258 litteras
808 4195 1055 4257 adiudicatorias
1071 4194 1144 4256 dicti
1163 4196 1252 4276 regni
1272 4195 1442 4258 Sclauonie

176 4305 251 4368 bani
278 4317 309 4367 et
333 4304 477 4386 singulos
500 4303 644 4364 eiusdem
667 4323 844 4385 processus,
865 4303 990 4384 aliaque
1016 4301 1161 4362 universa
1186 4301 1265 4383 jura,
1282 4303 1307 4362 si
1326 4322 1389 4384 que
1410 4303 1442 4364 in

177 4411 310 4474 materia
335 4409 419 4471 dicte
444 4429 535 4471 cause
560 4428 619 4491 pro
643 4429 675 4470 se
700 4409 794 4470 habet
819 4407 962 4469 conlecta
986 4407 1209 4486 exhibituram,
1234 4408 1442 4489 racionesque

177 4533 206 4580 et
229 4517 447 4598 allegationes
471 4535 542 4576 snas
566 4516 674 4576 denno
699 4529 789 4576 etex
815 4533 901 4575 novo
926 4514 1081 4574 dicturam
1107 4525 1137 4574 et
1157 4512 1310 4574 facturam
1333 4526 1442 4576 contra

177 4635 373 4686 memoratos
409 4635 613 4704 exponentes,
647 4620 745 4681 modo
781 4620 877 4680 simili
914 4639 1034 4680 novum
1071 4619 1225 4698 judicium
1250 4634 1442 4702 recepturos,

178 4731 364 4811 litterasque
390 4742 421 4789 et
445 4727 593 4789 litteralia
614 4747 725 4788 eorum
748 4727 955 4787 instrumenta
974 4725 1092 4788 lactum
1109 4725 1353 4807 prescriptarnm
1370 4746 1442 4808 pos·

177 4837 357 4898 sessionum
382 4833 611 4895 concernencia
636 4832 843 4911 exhibituros,
863 4846 957 4913 atque
979 4833 1088 4892 omnia
1113 4851 1159 4912 ea,
1177 4851 1239 4912 que
1264 4831 1388 4914 dejure
1409 4833 1441 4894 in

178 4961 268 5003 causa
294 4943 363 5024 ipsa
386 4939 530 5000 facienda
556 4937 672 5000 fuerint
689 4952 814 4999 acturos
836 4953 865 4999 et
884 4938 1031 5016 facturos,
1048 4937 1137 5018 regni
1154 4938 1251 4999 nostri
1271 4937 1441 5000 Sclauonie

179 5050 334 5109 banorum
358 5061 471 5108 evocet
495 5045 527 5106 in
549 5046 746 5128 presenciam
764 5045 794 5105 in
813 5045 922 5106 sedem
940 5045 1189 5124 zagrabienscm,
1207 5044 1441 5126 litispendcntc,
