3732 5802
410 530 468 590 108
795 583 799 590 .
830 531 904 588 Doc.
930 544 986 610 94.
1016 564 1059 574 --
1083 531 1138 590 An.
1162 542 1247 606 1511.

402 758 576 841 pecredens
606 759 704 822 testis.
732 757 810 820 Item
843 756 981 819 Mathias
1010 757 1050 818 de
1082 756 1244 836 Kamaria,
1267 756 1389 838 juratus
1412 770 1443 820 et
1466 757 1667 820 examinatus

403 863 503 926 lassus
527 877 574 927 est
596 866 676 927 scitu
700 866 781 926 sicut
805 863 989 926 Anthonius
1012 861 1155 925 Tharko.
1179 862 1257 924 Item
1278 863 1439 925 lohannes
1460 863 1668 946 Sampwsych

403 969 442 1032 de
467 970 752 1053 Thopplychycza,
769 969 890 1052 juratus
912 983 943 1031 et
960 969 1168 1047 examinatus,
1189 965 1289 1030 lassus
1313 983 1360 1032 est
1378 983 1414 1031 ut
1429 971 1551 1052 primus
1570 971 1667 1032 testis.

402 1077 478 1138 ltem
513 1075 673 1138 lohannes
701 1076 852 1158 Thompa
876 1076 915 1138 de
941 1075 1110 1153 Hemone,
1132 1073 1252 1156 juratus
1277 1087 1308 1137 et
1331 1075 1540 1156 examinatus,
1565 1075 1665 1138 lassus

402 1195 447 1244 est
472 1181 553 1244 scitu
576 1193 611 1243 ut
636 1183 759 1266 primus
781 1182 877 1244 testis.
904 1181 982 1242 Item
1009 1179 1171 1242 lohannes
1195 1181 1320 1242 Kasnar
1342 1179 1472 1261 juratus,
1497 1179 1600 1242 fassus
1623 1193 1670 1242 est

403 1300 437 1348 ut
459 1288 582 1369 primus
604 1288 702 1350 testis.
727 1287 805 1349 Item
829 1286 1021 1349 Benedictus
1046 1286 1183 1367 Erdewg
1208 1286 1247 1348 de
1270 1287 1474 1368 Wragowcz,
1496 1286 1618 1367 juratus
1639 1299 1670 1348 et

403 1395 611 1472 examinatus,
633 1391 734 1455 lassus
767 1406 814 1455 est
843 1413 900 1475 per
932 1391 1041 1453 omnia
1070 1405 1106 1453 ut
1128 1391 1250 1474 primus
1273 1393 1370 1454 testis.
1392 1393 1481 1471 ltem,
1506 1393 1669 1454 Barnabas

402 1501 558 1582 plebanus
582 1499 622 1561 de
650 1500 809 1562 Rokonok
833 1498 873 1560 ad
897 1499 1069 1581 puritatem
1093 1499 1294 1560 consciencie
1316 1518 1371 1560 sue
1395 1497 1496 1560 fassus
1520 1513 1568 1560 est
1588 1499 1669 1560 scitu

402 1619 436 1668 ut
459 1607 581 1688 primus
604 1606 702 1668 testis.
727 1607 804 1668 ltem
830 1605 965 1667 Mathias
990 1605 1081 1686 lspan
1106 1604 1146 1665 de
1167 1604 1354 1686 Prasnycza,
1372 1603 1509 1666 Michael
1532 1603 1668 1686 Balsycb

402 1711 442 1774 de
474 1711 664 1796 chhowcz,
696 1711 863 1774 Ladislaus
895 1710 1105 1793 owychyak
1141 1709 1180 1770 de
1214 1709 1429 1792 Mylethyncz‚
1462 1709 1599 1771 Mathias
1629 1709 1669 1770 de

404 1817 556 1901 Sydyeuo
580 1817 674 1898 jurati
698 1839 733 1880 ac
759 1837 900 1879 seorsum
927 1831 957 1878 et
981 1815 1168 1898 singillatim
1193 1815 1374 1896 examinati,
1396 1813 1468 1876 lassi
1492 1828 1566 1877 sunt
1590 1816 1670 1877 scitu

402 1943 460 2005 per
484 1925 593 1985 omnia
616 1937 650 1985 ut
673 1924 795 2006 primus
818 1923 916 1984 testis.
939 1923 1017 1983 Item
1035 1921 1197 1983 Johannes
1214 1920 1378 2003 Orgowan
1399 1921 1440 1983 de
1464 1921 1669 2004 Mylethyncz

402 2029 522 2109 juratus
553 2043 584 2092 et
615 2030 823 2109 examinatus,
848 2027 949 2090 fassus
982 2041 1028 2090 est
1061 2041 1096 2089 ut
1127 2028 1249 2110 primus
1279 2029 1378 2107 testis,
1402 2027 1528 2089 addidit
1556 2027 1669 2106 eciam,

402 2135 491 2217 quod
522 2136 606 2197 cives
639 2155 764 2218 semper
796 2133 1071 2196 contradixissent.
1097 2134 1175 2194 ltem
1206 2132 1368 2195 lohannes
1392 2133 1431 2194 de
1456 2133 1670 2212 Fodorowcz,

402 2240 497 2322 judex
522 2241 680 2304 nobilium
704 2242 873 2302 comitatus
898 2239 1130 2319 niarasdiensis
1146 2239 1267 2321 juratus
1293 2253 1323 2302 et
1340 2241 1551 2318 examinatus,
1569 2238 1670 2301 lassus

402 2361 448 2408 111
471 2347 551 2408 scitu
574 2359 610 2407 ut
634 2348 755 2428 primus
778 2347 876 2408 testis.
901 2347 978 2408 ltem
1003 2345 1163 2428 Georgius
1185 2346 1300 2408 Kerser
1324 2345 1363 2406 de
1387 2345 1528 2407 Prezelra
1549 2345 1670 2406 nobilis

402 2453 560 2516 crisiensis
592 2465 622 2514 et
645 2452 864 2514 warasdiensis
888 2453 1110 2532 comitatuum,
1134 2451 1255 2533 juratus
1277 2465 1309 2513 et
1334 2452 1544 2530 examinatus,
1569 2450 1670 2512 fassus

402 2573 449 2620 est
479 2559 570 2638 scitu,
594 2558 682 2640 quod
714 2559 747 2620 in
778 2577 850 2620 1111
882 2558 1049 2640 capitulari
1080 2577 1207 2639 semper
1239 2571 1410 2618 tenuerunt
1433 2571 1464 2618 et
1487 2557 1669 2619 babuerunt

402 2664 528 2726 boltbas
560 2677 589 2726 et
616 2665 810 2727 mercancias
842 2678 872 2726 et
905 2663 1009 2726 forum
1043 2662 1281 2744 quottidianum
1310 2662 1458 2724 liberum.
1484 2663 1564 2723 ltem
1589 2663 1667 2724 Leo·

402 2771 520 2834 nardus
550 2770 589 2834 de
614 2769 772 2832 thodol
804 2771 922 2832 nobilis
954 2769 1177 2831 warasdiensis
1208 2782 1239 2829 11
1270 2768 1427 2830 1111111111
1456 2769 1668 2830 comitatuum

402 2877 522 2956 juratus
546 2891 577 2939 et
600 2878 799 2942 examinatus
823 2877 924 2938 fassus
947 2888 993 2938 est
1017 2889 1051 2937 ut
1076 2874 1235 2956 Georgius
1263 2875 1388 2953 Kerser‚
1411 2875 1499 2937 testis
1523 2875 1667 2956 proxime

401 2982 585 3064 precedens.
607 2985 685 3046 ltem
701 2983 864 3044 lohannes
881 2982 920 3043 de
938 2981 1151 3064 Chezmycze,
1167 2979 1288 3061 juratus
1306 2993 1336 3042 et
1353 2981 1553 3042 examinatus
1569 2979 1669 3042 fassus

402 3103 448 3149 est
471 3089 551 3150 scitu
575 3109 631 3172 per
655 3090 764 3151 omnia
789 3102 824 3150 ut
848 3087 1008 3169 Georgius
1025 3087 1150 3148 Kerser.
1173 3121 1205 3130 -—
1229 3085 1436 3167 Quaquidem
1454 3086 1667 3167 inquisicione

402 3208 433 3254 et
464 3196 670 3258 attestacione
705 3195 865 3256 dictorum
898 3193 1057 3255 nobilium
1093 3192 1273 3253 vicinorum
1309 3205 1340 3253 et
1371 3205 1667 3254 commetaneorum

402 3319 460 3362 nec
492 3321 557 3362 non
588 3303 747 3364 nobilium
779 3299 1100 3383 comprovincialium
1132 3298 1291 3360 dictorum
1314 3295 1536 3384 :comitatuum
1560 3318 1668 3380 zagra-

403 3406 530 3484 biensis,
555 3408 711 3468 crisiensis
744 3421 774 3468 et
807 3405 1029 3467 warasdiensis
1062 3423 1121 3486 pro
1152 3419 1240 3487 parte
1272 3405 1348 3466 dicti
1380 3403 1511 3486 capituli
1537 3403 1667 3466 ecclesie

402 3512 616 3593 zagrabiensis
640 3513 679 3574 de
704 3513 859 3594 premisso
882 3511 1035 3572 mandato
1059 3523 1163 3572 vestre
1187 3511 1361 3574 Maiestatis
1385 3530 1441 3593 per
1462 3529 1522 3571 nos
1539 3523 1667 3592 accepta

403 3633 433 3679 et
457 3617 575 3696 habita,
598 3631 698 3680 totam
721 3619 837 3679 seriem
870 3618 969 3700 ipsius
992 3630 1098 3679 nostre
1130 3616 1331 3678 execucionis
1355 3617 1386 3677 in
1411 3615 1525 3677 litteris
1553 3613 1667 3676 nostris

401 3723 514 3804 sigillis
544 3725 660 3785 nostris
693 3725 857 3786 usualibus
888 3736 918 3784 et
950 3722 1107 3784 consvetis
1134 3741 1266 3783 aecum
1289 3721 1528 3802 subscripcione
1553 3739 1667 3782 manus

402 3849 473 3890 mee
507 3829 627 3890 scilicet
661 3830 802 3911 magistri
837 3829 997 3892 Francisci
1033 3827 1173 3889 munitas
1204 3837 1306 3888 vestre
1340 3825 1497 3887 Maiestati
1530 3823 1666 3886 fideliter

403 3935 551 3996 duximus
582 3935 810 3996 rescribendas.
843 3935 963 3996 Datum
995 3933 1091 3996 Crisii
1123 3931 1264 4015 predicta
1296 3931 1394 3993 tercio
1418 3931 1470 3992 die
1495 3931 1571 3992 dicti
1598 3929 1664 3991 festi

402 4043 485 4103 beati
518 4041 602 4122 regis
628 4041 791 4123 Stephani.
823 4044 919 4102 Anno
953 4039 1077 4101 domini
1111 4037 1285 4099 millesimo
1317 4037 1577 4118 quingentesimo
1609 4055 1666 4098 un·

403 4148 540 4210 decimo,

508 4287 528 4338 E
554 4301 655 4339 coaevo
681 4292 846 4352 transumpto
866 4287 1005 4340 wladislai
1032 4286 1112 4352 regis.
1132 4287 1159 4337 ln
1179 4285 1276 4340 archiv.
1296 4297 1355 4336 ven.
1376 4283 1461 4348 Capit.
1481 4284 1588 4348 zagrab.
1606 4281 1663 4333 Act.

403 4378 465 4442 Cap.
485 4381 537 4431 ant.
557 4377 621 4432 fasc.
643 4378 682 4429 10.
702 4391 738 4428 nr.
760 4377 802 4432 72.
