3732 5802
364 547 405 630 76
790 550 862 610 Doc.
878 561 927 628 72.
957 583 995 592 —
1021 549 1187 625 An.1509.

909 655 997 660 -—.-.-
1007 655 1155 662 —-.-.--—.
1171 655 1253 662 --—-—

364 771 464 836 fassus
494 789 551 855 est,
575 778 663 858 quod
688 778 774 840 idem
798 793 891 840 natus
916 791 998 840 esset
1019 779 1051 839 in
1076 778 1152 840 villa
1177 777 1376 839 Cbutltovvcz
1402 791 1433 838 et
1456 778 1514 838 scit
1537 777 1627 858 quod

364 879 446 942 dicte
462 893 543 944 terre
561 883 593 944 in
610 883 753 965 predicto
771 883 949 946 monticulo
966 884 1135 946 existentes
1151 904 1168 946 a
1185 884 1277 948 certis
1294 883 1386 946 annis
1401 883 1630 966 pertinuissent

363 987 403 1048 ad
433 987 611 1069 predictum
643 988 812 1072 hospitale,
836 1002 867 1051 et
897 989 955 1050 scit
985 988 1086 1050 eciam
1118 988 1257 1050 decimas
1290 989 1411 1050 ibidem
1439 1009 1456 1051 a
1481 989 1628 1070 pluribus

363 1092 549 1154 hominibus
580 1094 751 1155 exsolvisse
782 1094 822 1156 ad
854 1093 1029 1175 hospitale;
1062 1094 1188 1176 ignorat
1219 1109 1327 1158 tamen
1351 1095 1519 1176 quomodo
1544 1095 1629 1156 dicte

363 1211 444 1260 terre
468 1200 670 1262 devenissent
693 1200 733 1262 ad
757 1201 879 1262 dictum
903 1199 1071 1282 hospitale.

469 1339 605 1406 originale
631 1340 656 1392 in
683 1342 781 1394 charta.
807 1341 833 1392 ln
858 1341 956 1394 archiv.
982 1355 1039 1392 ven.
1066 1341 1152 1405 Capit.
1172 1343 1269 1406 zagrab
1297 1341 1357 1392 Act.
1387 1340 1471 1405 Capit.
1492 1345 1544 1392 ant.
1565 1339 1629 1390 lasc.

363 1428 406 1478 91.
426 1441 464 1480 ur.
483 1429 507 1480 6.

965 1645 1023 1712 72.

470 1786 547 1836 Anao
571 1785 645 1848 1509,
666 1785 689 1838 7.
709 1785 823 1850 augusti.
843 1785 939 1838 Budae.

370 1927 473 1986 Coram
496 1930 621 2002 capitulo
642 1929 761 1985 badensi
782 1926 939 2005 sollennes
965 1929 1086 2005 Pos'gaj,
1099 1925 1204 2008 judex
1227 1930 1437 2008 zagrabr'ensis,
1462 1929 1631 1986 recusatrix

364 2032 528 2111 Kraljeuec,
559 2036 680 2108 aliisque
704 2037 926 2108 possessionibus
953 2037 1166 2094 communitatis
1189 2055 1209 2092 a
1241 2035 1387 2092 Vltrdislao
1410 2053 1474 2108 rege
1496 2034 1625 2107 capitulo

826 2142 1011 2214 aagrabierrsi
1030 2143 1158 2200 deitatis.

471 2281 537 2341 Nos
560 2280 736 2361 capitulum
761 2280 892 2342 ecclesie
918 2281 1080 2342 budensis.
1106 2281 1261 2342 Memoris
1285 2279 1550 2341 commendamus
1575 2299 1630 2360 per

364 2399 534 2466 presentes,
566 2386 654 2467 quod
690 2385 806 2449 nobilis
836 2401 867 2448 et
900 2387 1148 2468 circumspectus
1180 2387 1341 2448 ¹lohannes
1372 2385 1516 2468 Posegay
1550 2385 1629 2446 alias

364 2489 459 2572 judex
484 2505 515 2553 et
538 2492 615 2553 civis
639 2492 773 2554 civitatis
801 2493 919 2554 montis
944 2492 1113 2555 Grecensis
1137 2493 1169 2552 in
1193 2511 1249 2575 sua
1273 2491 1477 2573 aliorumque
1502 2489 1630 2553 univer-

364 2615 473 2658 sorum
497 2597 615 2660 civium
639 2611 670 2659 et
693 2597 869 2678 juratorum
892 2598 1036 2660 eiusdem
1062 2597 1198 2660 civitatis
1221 2597 1340 2659 montis
1366 2596 1536 2684 Grecensis
1559 2616 1630 2678 per·

364 2703 461 2782 sonis,
478 2717 618 2766 nostram
642 2705 851 2787 personaliter
875 2704 1007 2766 veniens
1030 2705 1062 2766 in
1087 2703 1294 2786 presenciam,
1312 2704 1406 2766 nobis
1423 2723 1479 2785 per
1494 2703 1630 2766 modum

364 2809 605 2890 protestacionis
622 2825 652 2872 et
672 2810 877 2872 inhibicionis
892 2809 1069 2890 significare
1086 2809 1208 2871 curavit
1224 2809 1256 2870 in
1274 2809 1359 2870 hunc
1376 2810 1529 2870 modum:
1549 2829 1627 2889 qua-

365 2915 436 2977 liter
459 2915 646 2978 honorabile
671 2917 847 2998 capitulum
868 2916 1000 2978 ecclesie
1018 2915 1242 2996 zagrabiensis,
1261 2915 1399 2976 nescitur
1415 2915 1533 2996 quibus
1549 2914 1630 2975 moti

363 3021 568 3102 respectibus,
590 3023 806 3104 possessiones
829 3022 1006 3084 eorundem
1030 3021 1149 3082 civium
1172 3020 1422 3102 protestancium
1450 3020 1630 3100 Kralovvcz,

366 3127 499 3210 Czerye,
524 3129 683 3212 Kobylya,
707 3130 861 3212 Zwyblya
892 3141 924 3190 et
955 3127 1053 3190 Narth
1086 3141 1222 3206 vocatas,
1246 3126 1381 3188 omnino
1415 3126 1447 3187 in
1475 3126 1630 3187 comitatu

366 3234 564 3314 zagrabiensi
596 3237 775 3313 existentes,
800 3235 933 3313 habitas,
958 3254 975 3295 a
1007 3233 1099 3296 certis
1126 3233 1290 3294 retroactis
1312 3233 1512 3314 temporibus
1536 3250 1630 3292 occu-

365 3341 471 3422 pative
505 3355 536 3402 et
560 3342 741 3424 usurpative
764 3354 870 3423 preter
893 3359 1023 3402 omnem
1048 3340 1131 3400 viam
1157 3338 1234 3419 juris
1257 3339 1419 3416 tenuisset,
1443 3351 1631 3418 teneretque

366 3459 397 3508 et
427 3447 603 3527 possideret
633 3448 734 3508 eciam
765 3447 883 3523 modo;
907 3466 980 3507 cum
1015 3459 1122 3506 tamen
1146 3445 1276 3506 eosdem
1308 3445 1392 3506 cives
1420 3455 1631 3526 protestantes

365 3553 506 3634 predicte
545 3554 759 3634 possessiones
798 3573 871 3614 cum
906 3553 1110 3634 pertinenciis
1144 3551 1209 3612 suis
1240 3551 1396 3614 universis
1426 3551 1525 3631 pleno
1559 3549 1627 3630 jure

366 3673 604 3738 concernerent,
632 3673 662 3720 et
694 3659 734 3720 ad
759 3659 900 3737 eosdem,
932 3670 1227 3738 consequenterque
1258 3657 1375 3718 dictam
1409 3657 1552 3738 ipsorum
1588 3655 1630 3715 ci-

366 3765 505 3834 vitatem,
529 3767 569 3826 ab
601 3765 733 3846 antiquo
764 3764 991 3846 pertinuissent
1022 3776 1053 3824 et
1080 3763 1238 3846 pertinere
1262 3763 1503 3824 dinoscerentur
1528 3761 1630 3822 eciam

366 3870 404 3930 de
429 3872 579 3951 presenti,
595 3871 628 3932 in
652 3871 864 3952 preludicium
889 3885 919 3931 et
940 3870 1128 3951 dampnum,
1145 3868 1327 3950 juriumque
1348 3869 1544 3948 derogamen
1565 3867 1630 3928 dic-

366 3991 472 4038 torum
496 3977 614 4038 civium
638 3975 852 4038 manifestum.
871 3975 964 4038 Unde
989 3974 1069 4036 lacta
1094 3973 1277 4036 huiusmodi
1302 3973 1547 4057 protestacione,
1566 3974 1630 4034 iam

366 4080 449 4144 fatus
468 4083 629 4144 iohannes
653 4083 730 4143 alias
753 4081 858 4162 judex,
878 4101 937 4141 suo
961 4095 991 4142 et
1014 4081 1152 4142 aliorum
1176 4099 1314 4161 quorum
1331 4097 1426 4160 supra
1442 4079 1631 4140 nominibus

367 4203 397 4249 et
428 4189 460 4248 in
485 4188 640 4269 personis,
668 4187 904 4248 serenissimum
933 4187 1110 4267 principem
1139 4185 1309 4248 dominum
1334 4184 1550 4246 Wladislaum
1576 4185 1627 4246 dei

366 4295 470 4374 gracia
502 4313 609 4374 regem
638 4293 803 4374 Hungarie
827 4305 858 4354 et
881 4291 1035 4353 Bohemie
1060 4305 1119 4353 etc.
1143 4291 1313 4354 dominum
1337 4305 1482 4353 nostrum
1506 4291 1630 4371 gracio-

367 4399 526 4460 sissimum
559 4421 576 4461 a
608 4400 785 4461 donacione
817 4413 847 4459 et
871 4399 1059 4476 collacione,
1083 4416 1321 4478 consensusque
1343 4397 1391 4458 sui
1416 4395 1494 4477 regii
1519 4415 1628 4477 super-

368 4505 442 4566 inde
470 4505 684 4584 adhibicione,
706 4505 864 4587 prelatum
889 4503 1084 4584 demumque
1110 4503 1286 4584 capitulum
1310 4517 1341 4564 et
1364 4503 1445 4564 alios
1469 4503 1631 4582 quoslibet

368 4612 533 4672 universos
550 4612 778 4691 cuiuscumque
795 4625 893 4671 status
910 4623 940 4670 et
957 4609 1156 4670 condicionis
1171 4609 1319 4672 homines
1335 4611 1375 4670 ab
1389 4609 1630 4690 impetratione,

368 4717 594 4797 occupacione,
619 4717 840 4798 usurpacione,
865 4715 1119 4796 detencionequc
1151 4731 1181 4778 et
1205 4714 1451 4777 conservacione
1476 4716 1630 4797 prescrip·

368 4837 472 4884 tarum
496 4823 733 4904 possessionum
758 4823 936 4899 Kralovvcz,
961 4821 1096 4904 Czerye,
1117 4821 1277 4903 Kobylya,
1301 4821 1455 4903 Zwyblya
1480 4834 1512 4882 et
1531 4820 1629 4883 Narth

369 4927 702 5010 pertinenciarumque
736 4948 864 4990 suarum
900 4928 1121 4989 universarum
1152 4927 1219 5007 jure
1253 4939 1479 4988 annotatorum
1512 4927 1629 4988 civium

368 5049 509 5116 spectare
549 5035 746 5114 debentium,
774 5055 872 5115 seque
911 5035 996 5116 ipsos
1035 5033 1149 5114 quovis
1188 5033 1312 5113 quesito
1352 5034 1410 5092 sub
1450 5032 1558 5094 colore
1598 5033 1628 5094 in
