3732 5802
400 502 457 562 ¹42

812 483 885 540 Doc.
909 475 977 542 118.
1000 513 1039 524 —
1063 482 1120 542 An.
1146 493 1233 556 1515.

395 726 426 772 et
449 711 591 792 singulas
614 730 787 790 regnorum
811 723 842 770 et
861 709 1099 790 provinciarum
1119 707 1337 790 predictorum
1360 708 1512 786 civitates,
1529 707 1661 787 insulas,

395 830 494 878 terras
517 828 612 898 atque
637 816 707 877 loca
730 815 793 876 illis
816 815 958 876 subiecta
982 827 1013 876 et
1036 814 1098 876 alia
1119 814 1164 875 eis
1184 813 1361 875 adiacentia
1382 813 1558 896 apostolice
1577 813 1662 874 sedis

396 922 436 984 de
457 922 554 984 latere
571 922 702 1003 legatus.
722 919 773 1012 Ad
791 918 930 982 futuram
951 921 994 981 rei
1012 919 1212 1008 memoriam.
1230 918 1355 980 Dilecto
1372 919 1466 981 nobis
1482 919 1514 980 in
1532 919 1663 980 Christo

398 1027 555 1108 Gregorio
579 1027 619 1088 de
643 1025 832 1104 Varasdino,
856 1027 977 1086 arcium
1002 1025 1183 1087 liberalium
1208 1025 1343 1104 doctori,
1367 1025 1595 1086 archidiacono
1621 1024 1660 1084 de

397 1133 500 1194 Vaska
524 1133 554 1192 in
579 1132 711 1192 ecclesia
736 1131 934 1212 zagrabiensi
959 1145 990 1192 et
1013 1131 1157 1192 eiusdem
1181 1130 1314 1192 ecclesie
1338 1130 1506 1207 canonico,
1523 1129 1662 1191 salutem

398 1238 430 1299 in
462 1237 595 1299 domino
627 1237 865 1318 sempiternam.
890 1237 974 1298 Cum
1005 1257 1021 1298 a
1047 1237 1140 1298 nobis
1164 1237 1281 1318 petitur
1305 1235 1393 1317 quod
1417 1237 1536 1298 iustum
1562 1251 1609 1297 est
1634 1250 1664 1297 et

397 1344 578 1422 honestum,
602 1355 667 1404 tam
691 1342 782 1423 vigor
806 1343 954 1424 equitatis
978 1361 1076 1424 quam
1099 1342 1179 1403 ordo
1204 1341 1301 1424 exigit
1325 1342 1467 1420 rationis,
1494 1355 1528 1402 ut
1550 1341 1582 1402 id
1607 1361 1664 1423 per

398 1448 636 1510 solicitudinem
668 1446 766 1508 olficii
799 1449 896 1510 nostri
929 1448 969 1508 ad
1001 1447 1145 1509 debitum
1178 1447 1370 1530 perducatur
1394 1447 1553 1508 ellectum.
1579 1447 1664 1508 Sane

398 1575 456 1636 pro
487 1567 575 1636 parte
606 1567 659 1616 tua
696 1553 789 1615 nobis
821 1573 923 1636 nuper
955 1551 1094 1614 exhibita
1129 1553 1240 1636 petitio
1274 1554 1469 1630 continebat,
1502 1552 1590 1634 quod
1628 1565 1663 1613 tu

398 1661 475 1722 alias
507 1660 639 1741 cupiens
670 1673 793 1720 terrena
822 1679 879 1741 pro
904 1659 1074 1720 celestibus
1097 1672 1127 1720 et
1150 1659 1330 1720 transitoria
1355 1677 1413 1740 pro
1438 1659 1555 1719 eternis
1579 1657 1665 1718 felici

400 1767 555 1828 comertio
587 1779 795 1844 commutare,
819 1785 855 1826 ac
886 1765 925 1826 de
955 1766 1047 1826 bonis
1071 1785 1088 1824 a
1112 1764 1174 1826 deo
1197 1765 1255 1825 tibi
1280 1764 1404 1825 collatis
1428 1783 1486 1845 pro
1510 1763 1569 1842 tui,
1593 1777 1665 1825 tuo-

369 1927 372 1934 r
400 1891 536 1952 rumque
553 1885 720 1953 parentum
737 1872 915 1932 animarum
934 1871 1034 1932 salute
1052 1869 1091 1931 ad
1109 1869 1208 1930 divini
1227 1871 1330 1931 cultus
1348 1870 1488 1946 laudem,
1506 1869 1666 1930 honorem

399 1991 430 2038 et
454 1991 662 2058 augmentum
689 1976 853 2057 quoddam
878 1976 975 2038 altare
1001 1977 1060 2037 sub
1085 1975 1288 2036 invocatione
1312 1989 1418 2037 sancte
1442 1989 1472 2036 et
1497 1976 1666 2037 individue

401 2084 569 2145 Trinitatis
593 2083 625 2144 in
650 2081 772 2165 prelata
796 2082 928 2145 ecclesia
954 2081 1152 2163 zagrabiensi
1175 2083 1254 2163 erigi
1271 2096 1302 2143 et
1326 2082 1465 2143 construi
1487 2082 1667 2160 obtinuisti,

399 2201 494 2272 prout
526 2189 565 2250 de
598 2187 680 2250 facto
713 2188 913 2270 superiorum
946 2201 1075 2249 tuorum
1101 2187 1140 2248 ad
1164 2187 1226 2248 hoc
1251 2187 1482 2249 interveniente
1507 2207 1667 2248 consensu

401 2295 525 2357 erexisti
543 2309 574 2356 et
591 2295 802 2372 construxisti,
816 2314 871 2355 seu
889 2293 967 2375 erigi
985 2307 1016 2355 et
1032 2294 1172 2354 construi
1189 2293 1376 2374 procurasti,
1390 2293 1538 2374 illudque
1556 2293 1668 2354 domui

351 2441 357 2459 .
400 2413 431 2461 et
463 2399 565 2462 fundo
597 2398 783 2481 prebendali
815 2400 881 2460 sive
916 2397 1079 2481 prebende
1107 2399 1274 2460 cuiusdam
1300 2398 1430 2479 Georgii
1455 2399 1605 2460 similiter
1630 2399 1667 2459 de

400 2506 588 2584 Varasdino,
602 2504 722 2587 prefate
740 2505 871 2566 ecclesie
889 2505 1103 2586 zagrabiensis
1119 2504 1322 2587 prebendarii
1340 2505 1436 2566 etiam
1453 2504 1493 2565 de
1509 2525 1668 2566 consensu

403 2611 634 2673 venerabilium
667 2612 874 2674 dominorum
907 2591 1038 2692 capituli
1071 2625 1101 2672 et
1132 2611 1361 2672 canonicorum
1387 2609 1508 2691 prefate
1534 2611 1667 2672 ecclesie

401 2717 615 2798 zagrabiensis
631 2717 670 2778 de
688 2737 826 2798 quorum
844 2717 911 2798 jure
929 2729 1113 2797 patronatus
1130 2716 1243 2778 eadem
1261 2715 1377 2777 domus
1394 2716 1601 2798 prebendalis
1614 2737 1668 2778 seu

401 2823 563 2906 prebenda
584 2823 687 2884 existit
709 2823 863 2884 annexisti
886 2835 915 2884 et
939 2823 1157 2905 incorporasti,
1175 2821 1406 2903 quamquidem
1424 2822 1561 2883 domum
1577 2837 1613 2884 tu
1628 2825 1668 2884 ob

401 2930 462 2990 hoc
486 2929 525 2990 de
550 2947 643 2990 muro
664 2941 694 2990 et
718 2928 934 2990 fundamentis
958 2948 1055 3010 opere
1076 2940 1265 3009 sumptuoso
1284 2927 1437 2990 edificasti
1454 2947 1511 2990 seu
1530 2927 1668 2990 edificari

402 3049 432 3096 et
456 3035 556 3096 extrui
582 3033 693 3115 fecisti,
712 3055 839 3116 quaque
864 3055 904 3097 ne
929 3035 1087 3116 quispiam
1105 3054 1164 3116 pro
1180 3048 1325 3116 tempore
1342 3035 1479 3095 existens
1496 3035 1670 3096 canonicus

402 3155 455 3202 aut
479 3140 668 3222 dignitarius
700 3141 842 3202 eiusdem
868 3141 1000 3202 ecclesie
1024 3161 1061 3201 ex
1086 3140 1258 3202 collatione
1283 3159 1338 3200 seu
1363 3139 1540 3201 donatione
1564 3141 1667 3200 cuius·

403 3266 529 3327 cunque
562 3247 622 3306 sibi
656 3247 714 3328 ipsi
744 3266 896 3328 usurpare
928 3267 984 3308 seu
1009 3247 1079 3308 usui
1106 3266 1164 3307 suo
1190 3265 1346 3328 occupare
1372 3246 1482 3327 possit,
1507 3247 1549 3306 de
1574 3245 1667 3306 simili

403 3372 560 3413 consensu
592 3366 623 3413 et
653 3373 797 3434 expressa
831 3353 906 3415 dicti
940 3353 1069 3434 capituli
1102 3366 1132 3414 et
1168 3353 1397 3414 canonicorum
1422 3351 1589 3413 voluntate
1615 3352 1669 3412 im-

404 3458 529 3540 petrasti
568 3479 602 3519 ac
637 3478 774 3519 unacum
807 3459 902 3520 etiam
935 3458 1053 3520 dilecto
1087 3458 1180 3519 nobis
1211 3458 1243 3519 in
1278 3457 1407 3518 Christo
1442 3457 1601 3518 Miclraele
1632 3457 1669 3517 de

405 3564 510 3624 Mlalta
535 3564 710 3644 presbitero
743 3564 889 3624 similiter
913 3565 1128 3646 prebendario
1153 3564 1235 3625 dicte
1260 3563 1404 3641 ecclesie,
1427 3563 1550 3624 dictum
1574 3565 1669 3624 altare

405 3670 444 3730 ad
481 3669 569 3749 quod
606 3669 692 3730 idem
724 3669 860 3731 Michael
893 3671 999 3731 anime
1033 3671 1160 3752 proprie
1193 3670 1328 3731 salutem
1361 3670 1543 3750 recogitans
1575 3683 1671 3731 certas

406 3776 620 3858 possessiones
637 3776 696 3836 sibi
714 3775 781 3856 jure
798 3775 991 3837 hereditario
1008 3776 1178 3837 attinentes
1195 3795 1253 3858 pro
1270 3775 1369 3858 ipsius
1386 3775 1493 3836 altaris·
1509 3775 1670 3858 pinguiori

405 3882 568 3942 dotatione
600 3881 741 3962 plenarie
770 3901 843 3943 cum
868 3883 1019 3943 omnibus
1042 3882 1108 3943 suis
1132 3880 1296 3960 fructibus,
1321 3882 1511 3960 redditibus,
1536 3902 1671 3964 proven·

404 3988 500 4066 tibus,
524 3987 714 4048 utilitatibus
738 4007 774 4048 ac
798 3988 1025 4050 emolumentis
1048 4001 1204 4070 perpetuo
1228 3987 1358 4049 tradidit
1383 4002 1414 4049 et
1437 3989 1596 4049 concessit
1615 4007 1672 4070 pro

405 4093 548 4154 eiusdem
582 4093 689 4154 altaris
712 4093 915 4175 prebendarii
939 4113 996 4154 seu
1020 4094 1178 4176 capellani
1203 4095 1456 4156 substentatione
1480 4093 1674 4156 sufficienter

406 4199 531 4277 dotasti,
557 4199 588 4259 in
623 4198 830 4279 futurumque
862 4199 992 4259 uberius
1026 4198 1130 4259 adhuc
1163 4199 1272 4260 dotare
1305 4199 1460 4281 proponis
1491 4201 1547 4260 tali
1572 4199 1672 4260 adicta

406 4303 600 4382 conditione,
625 4305 713 4384 quod
738 4325 795 4386 pro
817 4325 900 4366 nunc
928 4319 958 4366 et
975 4325 1032 4386 pro
1050 4318 1194 4386 tempore
1221 4304 1296 4366 dicti
1313 4305 1421 4366 altaris
1437 4325 1492 4365 seu
1511 4305 1672 4386 prebende

406 4409 635 4489 prebendarius
671 4431 727 4471 seu
760 4411 898 4471 altarista
935 4411 1071 4472 existens
1101 4423 1248 4472 teneatur
1281 4423 1310 4471 et
1344 4411 1460 4472 debeat
1492 4411 1612 4472 ibidem
1644 4421 1675 4471 et

408 4513 439 4573 in
472 4515 587 4575 eodem
619 4516 709 4576 altari
740 4517 851 4576 missas
883 4515 962 4576 duas
995 4516 1129 4596 singulis
1164 4515 1353 4577 ebdomadis
1377 4517 1540 4597 perpetuis
1564 4515 1675 4578 futuris

413 4621 611 4699 temporibus
644 4622 757 4681 diebus
786 4622 933 4683 videlicet
957 4621 1120 4682 dominico
1142 4641 1238 4682 unam
1263 4622 1302 4682 ad
1327 4637 1433 4683 sancte
1457 4635 1488 4682 et
1512 4621 1675 4683 individue

409 4723 584 4802 Trinitatis,
618 4726 750 4787 alteram
783 4747 857 4788 vero
891 4727 1025 4808 singulis
1057 4727 1177 4808 quintis
1209 4726 1296 4789 feriis
1328 4727 1498 4790 cuiuslibet
1530 4729 1602 4790 anni
1635 4726 1674 4787 ad

409 4830 610 4907 venerabilis,
627 4833 892 4913 sacratissimique
916 4835 1057 4914 corporis
1082 4833 1206 4894 domini
1227 4835 1325 4895 nostri
1344 4835 1418 4895 lesu
1436 4833 1556 4896 Christi
1574 4853 1674 4895 sacra-

410 4933 508 4993 menti
534 4935 672 5016 laudem,
691 4939 788 4998 decus
813 4952 842 4999 et
866 4939 1021 5000 honorem
1047 4959 1103 5020 per
1125 4941 1265 5021 seipsum
1292 4954 1345 5001 aut
1363 4941 1462 5001 alium
1480 4940 1674 5001 sacerdotem
