3732 5802
800 565 872 624 Dec.
896 559 965 624 116.
991 598 1029 606 -
1055 565 1110 622 An.
1135 577 1221 642 1515.
1289 621 1294 634 ,

382 665 719 674 ———---.--.-..—--.
738 670 744 674 „
763 669 886 674 -----
901 669 1013 676 -...-,.
1041 671 1642 680 -—--——-..---——-..-—..---—————

379 789 465 852 nilve
489 791 691 872 proprietatis
714 803 745 854 et
765 791 900 854 dominii
924 793 1082 875 sibiipsis
1104 807 1158 855 aut
1181 794 1348 875 quibusvis
1369 795 1439 856 aliis
1459 795 1646 859 hominibus
1852 676 1859 891 l

1857 908 1859 966 l

379 895 411 956 in
443 896 563 957 eisdem
595 897 694 958 dorno
723 912 754 958 et
782 897 876 960 horto
903 918 959 982 per
985 900 1125 982 amplius
1148 901 1351 981 reservand0,
1374 902 1430 963 sed
1462 923 1559 966 omne
1584 903 1649 984 jus,

379 1021 575 1084 omnemque
605 1002 683 1083 juris
715 1017 746 1066 et
775 1004 912 1066 dominii
945 1007 1183 1090 proprietatem,
1207 1026 1304 1088 quam
1336 1020 1366 1068 et
1393 1008 1481 1089 quod
1513 1009 1545 1071 in
1570 1011 1647 1092 ipsis

380 1107 533 1170 hactenus
564 1109 749 1172 habuissent
775 1123 830 1171 aut
851 1110 970 1174 habere
993 1125 1158 1196 sperarent
1182 1113 1417 1194 quoquomodo
1442 1115 1474 1176 in
1500 1114 1644 1178 futurum

379 1214 412 1275 in
443 1229 645 1296 prenotatum
670 1216 839 1278 dominum
865 1217 1050 1286 Ladislaum
1074 1232 1105 1280 et
1127 1238 1184 1300 per
1208 1239 1407 1301 consequens
1431 1241 1518 1283 aram
1544 1223 1644 1284 sancti

381 1321 518 1382 Emerici
550 1322 783 1384 transtulissent
815 1337 911 1406 prout
941 1325 1170 1388 transtulerunt
1201 1325 1299 1407 pleno
1331 1325 1410 1407 jure.
1443 1328 1514 1388 Hoc
1542 1329 1644 1390 eciam

381 1446 437 1508 per
462 1447 645 1509 expressum
669 1428 861 1512 specificato,
878 1431 966 1514 quod
992 1450 1122 1492 censum
1144 1443 1331 1492 consvetum
1348 1453 1383 1494 ac
1401 1453 1533 1494 munera
1550 1434 1646 1496 solita

379 1532 461 1593 dicte
485 1535 616 1596 ecclesie
642 1536 732 1596 beate
756 1535 889 1618 virginis
912 1538 1080 1622 provenire
1105 1538 1271 1616 debencia,
1293 1551 1368 1620 puta
1393 1541 1557 1622 sexaginta
1581 1554 1645 1604 tres

381 1638 528 1700 denarios
553 1641 680 1702 usuales
703 1661 761 1723 pro
785 1655 930 1726 tempore
954 1642 1005 1704 hic
1028 1644 1183 1724 Zagrabie
1207 1657 1380 1724 curreutes,
1397 1647 1489 1707 anuis
1509 1647 1645 1727 singulis

380 1764 506 1827 semper
538 1745 570 1806 in
603 1745 688 1808 festis
717 1747 800 1809 beati
826 1747 958 1829 Georgii
982 1750 1119 1810 martiris
1142 1750 1284 1811 mediam
1305 1764 1428 1832 partem
1452 1765 1483 1812 et
1508 1749 1645 1814 infesto

381 1851 463 1912 beati
491 1853 618 1913 Martini
650 1853 791 1936 episcopi
816 1854 912 1916 aliam
940 1855 1079 1917 mediam
1105 1871 1226 1937 partem
1250 1876 1286 1918 ac
1309 1857 1369 1918 tria
1392 1877 1525 1920 munera
1550 1859 1645 1920 solita

380 1969 410 2016 et
440 1971 600 2036 consveta,
624 1973 717 2040 puta:
742 1960 782 2020 ad
815 1960 930 2022 festum
962 1961 1057 2022 Pasce
1090 1961 1213 2023 domini
1246 1961 1418 2024 duodecim
1446 1984 1517 2042 ova,
1542 1984 1645 2025 unum

380 2081 507 2124 caseum
542 2064 663 2126 bonum
694 2079 725 2126 et
754 2085 812 2148 pro
838 2085 902 2127 uno
927 2065 1059 2128 denario
1083 2086 1200 2148 panes3
1224 2088 1373 2130 necnon
1397 2069 1429 2129 in
1454 2067 1534 2131 festo
1560 2071 1644 2131 beati

380 2167 463 2248 regis
496 2169 648 2251 Stephani
680 2171 762 2233 duos
792 2171 899 2255 pullos
930 2171 1061 2253 juvenes
1093 2175 1196 2234 bonos
1226 2187 1257 2234 et
1287 2193 1345 2256 pro
1370 2174 1502 2236 denario
1526 2195 1644 2257 panes3

381 2273 456 2334 item
489 2275 571 2336 circa
603 2273 718 2338 festum
747 2277 918 2338 nativitatis
942 2278 1074 2340 Domini
1106 2279 1188 2341 duos
1219 2300 1358 2362 capones
1389 2283 1492 2343 bonos
1523 2295 1554 2343 et
1586 2303 1645 2363 pro

379 2400 445 2441 uno
481 2381 613 2442 denario
653 2402 761 2464 panes.
798 2384 1021 2464 Quosquidem
1061 2405 1174 2447 census
1213 2385 1412 2468 supradictos
1446 2399 1477 2449 et
1509 2407 1644 2449 munera

382 2487 605 2567 prenominata
643 2487 784 2570 prefatus
823 2489 974 2551 dominus
1011 2491 1177 2552 Ladislaus
1215 2505 1270 2553 aut
1308 2505 1410 2554 rector
1443 2491 1552 2554 altaris
1588 2515 1644 2556 seu

382 2611 544 2672 possessor
573 2593 671 2674 ipsius
701 2593 817 2656 domus
848 2595 931 2657 dicte
963 2595 1095 2658 ecclesie
1130 2599 1220 2659 beate
1244 2597 1376 2679 virginis
1399 2617 1526 2680 semper
1550 2601 1590 2660 sit
1615 2615 1645 2662 ct

380 2697 439 2758 erit
470 2699 630 2778 obligatus
663 2699 845 2781 persolvere
868 2702 1030 2782 perpetuis
1053 2701 1167 2764 futuris
1190 2705 1398 2785 temporibus.
1424 2705 1457 2765 ln
1482 2706 1575 2767 cuius
1599 2707 1644 2768 rei

382 2805 570 2866 memoriam
611 2805 857 2887 firmitatemque
897 2821 1083 2890 perpetuam
1118 2810 1319 2890 presentibus
1352 2810 1464 2871 litteris
1499 2811 1643 2892 sigillum

380 2921 523 2971 nostrum
555 2911 764 2973 auttenticum
799 2912 949 2974 duximus
980 2914 1239 2997 appendendum.
1272 2915 1391 2977 Datum
1424 2915 1502 2978 feria
1532 2933 1644 2998 quarta

380 3016 523 3097 proxima
558 3030 631 3099 post
665 3017 780 3085 festum
815 3019 899 3080 beati
931 3019 1038 3081 Brictii
1075 3021 1215 3103 episcopi
1251 3033 1282 3082 et
1313 3020 1513 3086 confessoris.
1547 3028 1644 3085 Anno

381 3121 504 3182 domini
529 3123 701 3185 millesimo
725 3125 983 3206 quingentesimo
1007 3127 1121 3207 quinto
1145 3127 1282 3189 decimo,

485 3245 504 3296 E
530 3260 630 3298 coaevo
655 3253 822 3311 transumpto
847 3249 873 3299 in
897 3250 994 3300 charte.
1019 3248 1046 3300 lu
1066 3250 1163 3300 archiv.
1183 3265 1241 3302 ven.
1262 3249 1346 3314 Capit.
1365 3251 1472 3315 zagrab.
1492 3251 1551 3301 Art.
1572 3251 1638 3316 Cap.

379 3337 430 3384 aut.
452 3332 515 3386 isse.
533 3335 589 3386 101.
611 3349 648 3386 nr.
671 3336 710 3388 17.

972 3571 1049 3638 116.

484 3709 557 3760 Auno
581 3711 653 3773 1515,
676 3712 702 3760 ll
725 3713 892 3765 ‚decembris
913 3713 1008 3764 Budae.
1073 3757 1078 3768 .

380 3839 408 3894 A
438 3833 585 3894 Vladislao
607 3837 778 3909 Hung.·etc.
794 3858 861 3912 rege
875 3840 1016 3914 Jimdutr'o
1039 3857 1058 3895 a
1083 3839 1226 3898 Mickacle
1241 3841 1455 3914 praebendario
1470 3852 1531 3916 pro
1554 3845 1647 3900 altari

716 3963 744 4001 ss
768 3944 938 4004 ,Yrirritatr's
960 3947 1076 4004 condita
1098 3947 1306 4021 comprobatur.

485 4083 552 4143 Nos
586 4082 785 4144 Wladislaus
819 4084 871 4145 dei
905 4085 1011 4165 gracia
1046 4105 1099 4146 rex
1134 4085 1298 4166 Hungarie
1334 4099 1364 4148 et
1395 4085 1553 4148 Bohemie
1586 4101 1643 4149 etc.

381 4189 535 4249 Memoris
564 4187 829 4251 commendamus
851 4203 961 4252 tenore
986 4191 1187 4272 presencium
1211 4191 1426 4272 significantes
1449 4193 1570 4274 quibus
1593 4213 1643 4254 ex-

379 4294 468 4374 pedit
492 4294 657 4372 universis,
678 4295 766 4375 quod
790 4315 848 4377 pro
873 4309 961 4377 parte
985 4311 1016 4358 et
1039 4297 1072 4357 in
1096 4315 1231 4378 persona
1255 4296 1359 4358 fidelis
1383 4299 1482 4360 nostri
1506 4297 1644 4360 honora-

381 4400 453 4461 bilis
476 4402 617 4483 magistri
643 4400 776 4482 Georgii
801 4402 840 4463 de
865 4403 1069 4482 Warasdin0‚
1094 4404 1224 4464 rectoris
1247 4404 1354 4465 altaris
1376 4417 1483 4466 sancte
1508 4417 1540 4467 et
1564 4403 1644 4466 indi·

381 4505 477 4567 vidue
502 4507 669 4568 Trinitatis
693 4509 724 4568 in
749 4508 883 4570 ecclesia
899 4508 1070 4570 cathedrali
1089 4509 1287 4590 zagrabiensi
1304 4511 1487 4589 constructi,
1505 4509 1644 4572 exhibite

380 4625 453 4672 sunt
488 4613 581 4674 nobis
614 4627 645 4674 et
679 4627 857 4695 presentate
893 4615 1032 4695 quedam
1068 4615 1158 4677 litere
1182 4614 1369 4677 lassionales
1399 4616 1531 4699 capituli
1564 4615 1644 4677 dicte

380 4718 511 4780 ecclesie
535 4719 748 4800 zagrabiensis
768 4721 800 4781 in
821 4741 1016 4802 pergameno
1036 4735 1179 4804 patenter
1198 4721 1352 4800 conferte,
1369 4722 1545 4804 sigilloque
1561 4722 1643 4784 eius-

381 4821 454 4883 dem
478 4823 675 4905 impendenti
699 4827 895 4906 consignate,
909 4827 1026 4908 quibus
1047 4827 1263 4889 mediantibus
1285 4826 1483 4889 honorabilis
1509 4826 1646 4889 Michael

380 4929 534 5010 presbiter
568 4932 797 5012 prebendarius
832 4933 919 4994 chori
955 4933 1097 4994 eiusdem
1134 4933 1266 4995 ecclesie
1298 4933 1525 5013 zagrabiensis,
1561 4933 1644 4994 filius

381 5034 528 5100 videlicet
559 5037 676 5099 nobilis
708 5038 874 5123 quondam
906 5039 1037 5105 domine
1070 5039 1269 5126 Margarethe
1303 5039 1489 5124 Wagyczna
1522 5051 1642 5117 vocate,
