3808 5792
400 586 461 628 212
813 566 887 626 Dec.
913 561 983 639 169.
1008 597 1050 606 -
1075 565 1132 624 An.
1157 575 1242 638 1521.

398 797 569 860 tenebitur.
594 793 708 858 Socius
731 811 807 854 vero
831 791 961 854 alterius
984 789 1138 872 magistri,
1155 789 1315 868 relictam;
1333 789 1384 850 vel
1401 788 1485 850 lilius
1510 787 1663 868 magistri,

399 902 498 964 filiam
531 900 661 964 alterius
692 897 835 980 magistri
859 898 893 958 in
927 896 1171 958 matrimonium
1206 895 1370 974 ducentes,
1406 894 1601 976 jentaculum
1634 907 1665 954 et

397 1007 570 1091 prandium
593 1004 764 1088 expediant
788 1017 818 1065 et
842 1002 953 1065 floren.
984 1001 1040 1084 ¹¹ls
1067 1002 1107 1064 ad
1132 1001 1276 1063 ladulam
1301 1013 1469 1084 reponant.

505 1113 641 1176 Tercius
664 1110 827 1172 articulus.
853 1108 951 1184 Quod
976 1107 1086 1170 nullus
1101 1109 1229 1191 penitus
1245 1107 1415 1170 hominum
1432 1120 1517 1168 extra
1535 1105 1664 1168 czeham

401 1221 545 1304 ipsorum
569 1217 795 1301 magistrorum
813 1215 1015 1277 existentium
1035 1215 1163 1277 labores
1178 1233 1390 1297 quoscunque
1407 1225 1507 1274 artem
1524 1213 1665 1294 ipsorum

401 1337 630 1389 concernentes
654 1323 799 1385 laborare
825 1336 856 1384 et
880 1341 1025 1383 exercere
1057 1334 1237 1404 presumat;
1262 1334 1294 1382 et
1321 1321 1400 1381 dum
1432 1321 1492 1402 ipsi
1524 1318 1665 1400 magistri

402 1433 545 1514 aliquem
569 1430 724 1513 presentis
747 1429 854 1490 statuti
879 1435 1156 1510 transgressorem
1170 1441 1413 1510 perscrutarent,
1430 1427 1557 1488 labores
1580 1425 1666 1507 apud

404 1540 500 1601 talem
526 1550 669 1620 repertos
693 1535 859 1598 auferendi
884 1533 1022 1596 habeant
1053 1547 1263 1616 potestatem
1295 1553 1434 1615 quorum
1467 1533 1572 1594 media
1596 1551 1669 1613 pars

402 1645 499 1706 iudici
524 1642 671 1721 civitatis,
695 1642 820 1722 reliqua
845 1660 921 1702 vero
945 1639 986 1702 ad
1011 1639 1132 1702 dictum
1157 1639 1256 1701 altare
1288 1639 1413 1700 cedant.
1446 1638 1546 1700 Modo
1570 1637 1668 1698 simili

403 1752 506 1813 eciam
530 1750 607 1812 dum
633 1747 793 1830 quispiam
817 1747 1044 1828 magistrorum
1078 1746 1307 1828 calcariparum
1342 1746 1391 1807 vel
1416 1757 1592 1806 serstorum
1617 1743 1670 1804 vel

398 1856 481 1938 ¹alter
504 1855 603 1918 homo
628 1853 773 1931 forensis,
798 1853 1017 1934 cuiuscunque
1041 1863 1140 1913 status
1155 1852 1303 1930 existens,
1320 1851 1359 1912 ad
1383 1851 1483 1933 ipsam
1509 1850 1669 1911 civitatem

404 1961 609 2039 Crisiensem,
624 1959 763 2041 exceptis
793 1958 948 2020 nundinis
964 1957 1084 2019 ibidem
1101 1957 1254 2019 celebrari
1272 1954 1384 2035 solitis,
1401 1957 1528 2038 aliquos
1544 1957 1672 2018 labores

403 2069 619 2149 undecunque
643 2066 790 2128 locorum
825 2063 987 2126 vendendi
1011 2064 1117 2145 gracia
1141 2063 1368 2146 apportaverit,
1405 2076 1519 2124 extunc
1550 2063 1596 2124 illi
1625 2063 1672 2123 la-

404 2177 498 2237 bores
522 2185 608 2236 extra
632 2171 794 2234 nundinas
818 2171 862 2232 sic
887 2171 1003 2252 reperti
1027 2169 1231 2249 aufferantur,
1249 2183 1280 2232 et
1296 2182 1331 2230 ut
1354 2169 1545 2251 premissum
1568 2181 1614 2230 est
1630 2167 1673 2229 ad

405 2280 485 2342 duas
509 2279 640 2360 equales
664 2291 769 2360 partes
793 2277 988 2338 dividantur.

509 2385 652 2458 Quartus
675 2383 837 2446 articulus.
863 2383 961 2457 Quod
985 2383 1121 2464 singulis
1144 2384 1309 2445 mensibus
1343 2403 1406 2444 una
1438 2382 1490 2443 die
1522 2381 1673 2464 deputata

407 2492 493 2553 iuxta
517 2491 684 2553 arbitrium
709 2502 740 2550 et
764 2489 1035 2551 deliberacionem
1061 2489 1203 2571 ipsorum
1229 2490 1455 2570 magistrorum
1486 2509 1548 2550 una
1577 2487 1675 2550 missa

406 2597 445 2659 ad
482 2597 638 2659 honorem
677 2595 860 2657 beatissime
896 2595 996 2657 Marie
1034 2595 1167 2677 virginis
1205 2595 1447 2678 assumptionis,
1482 2617 1538 2679 per
1572 2596 1675 2677 ipsam

405 2703 537 2766 czeham
560 2704 593 2765 in
618 2701 793 2784 prescripto
818 2701 908 2763 altari
934 2701 1087 2763 celebrari
1114 2700 1257 2782 facietur,
1282 2703 1337 2764 ubi
1355 2702 1492 2783 quilibet
1508 2702 1676 2783 magistro-

405 2829 476 2870 rum
489 2808 698 2891 personaliter
714 2807 824 2869 adesse
851 2807 967 2870 debeat
990 2827 1092 2889 usque
1109 2808 1149 2869 ad
1163 2809 1420 2890 complecionem
1446 2808 1545 2890 ipsius
1567 2809 1676 2888 misse,

407 2928 437 2977 et
461 2915 657 2996 quicumque
681 2913 907 2994 magistrorum
931 2933 964 2974 se
995 2914 1209 2975 absentaverit
1240 2914 1307 2975 sine
1341 2914 1428 2975 licita
1463 2914 1676 2995 negociorum

407 3040 539 3082 suorum
564 3019 779 3096 excusatione,
796 3019 869 3080 talis
892 3039 994 3080 unum
1008 3017 1166 3082 fertonem
1184 3039 1255 3080 cere
1277 3019 1415 3081 exolvat.
1434 3020 1558 3080 Eodem
1573 3019 1678 3080 eciam

407 3126 459 3188 die
484 3126 642 3207 magistris
667 3126 699 3186 in
724 3125 821 3186 simul
845 3125 1046 3207 congregatis
1069 3145 1127 3207 pro
1162 3125 1336 3187 tractandis
1368 3125 1469 3208 ipsius
1501 3125 1597 3187 czehe
1620 3145 1679 3186 ne-

405 3233 516 3313 gociis,
541 3231 687 3313 singulus
711 3231 938 3312 magistrorum
961 3231 1000 3292 ad
1025 3231 1168 3313 pixidem
1192 3232 1341 3293 denarios
1358 3244 1496 3313 quatuor
1520 3232 1679 3313 imponat.

408 3339 556 3400 Preterea
579 3339 675 3398 etiam
699 3337 834 3418 singulis
851 3337 1015 3399 mensibus
1032 3337 1175 3418 magistri
1192 3335 1362 3398 czeharum
1384 3357 1448 3398 una
1466 3337 1518 3398 die
1534 3337 1681 3416 singulas

407 3441 551 3504 officinas
575 3461 631 3503 seu
654 3441 780 3503 tabulas
804 3455 984 3503 ceterorum
1009 3442 1236 3523 magistrorum
1260 3442 1387 3504 visitare
1420 3455 1450 3503 et
1484 3443 1679 3524 perlustrare

409 3548 585 3626 debebunt,
621 3547 748 3609 labores
784 3566 916 3628 quoque
952 3547 1096 3628 ipsorum
1134 3547 1306 3630 diligenter
1342 3548 1550 3630 conspiciant,
1586 3562 1618 3608 et
1653 3549 1680 3608 si

409 3654 535 3735 aliquos
559 3653 685 3734 ineptos
709 3653 836 3714 labores
867 3653 1053 3734 reperirent,
1086 3653 1218 3715 eosdem
1250 3653 1405 3735 recipiant
1437 3667 1467 3715 et
1499 3654 1538 3715 ad
1572 3668 1683 3736 partes

410 3759 572 3841 frangant;
598 3759 828 3820 nichilominus
859 3759 1047 3840 magistrum
1078 3759 1164 3841 apud
1189 3779 1286 3840 quem
1309 3760 1389 3821 tales
1420 3760 1519 3842 inepti
1552 3760 1684 3823 labores

410 3866 525 3949 reperti
551 3863 668 3926 luerint
692 3865 778 3926 iuxta
802 3884 897 3926 suum
921 3865 1114 3927 demeritum
1140 3865 1207 3946 ipsa
1232 3865 1328 3927 czeba
1353 3885 1409 3928 seu
1437 3863 1684 3928 confraternitas

410 3972 532 4054 puniat.
557 3970 701 4053 Magistri
725 3989 802 4032 vero
827 3970 935 4049 czehe,
960 3991 1018 4053 pro
1042 3984 1187 4053 tempore
1212 3991 1277 4052 quo
1302 3972 1444 4054 ipsorum
1474 3970 1582 4033 officio
1607 3991 1684 4054 pre-

410 4091 493 4155 sunt,
518 4077 563 4138 nil
587 4076 715 4158 penitus
738 4077 778 4137 ad
803 4076 945 4158 pixidem
971 4077 1045 4138 dare
1070 4078 1275 4141 tenebuntur.

516 4183 657 4255 Quintus
671 4182 833 4245 articulus.
853 4182 951 4254 Quod
968 4183 1077 4243 nullus
1093 4183 1318 4263 magistrorum
1336 4181 1455 4245 ferrum
1472 4197 1684 4266 quotcunque

412 4289 443 4350 in
469 4287 539 4350 foro
564 4263 747 4350 vendicioni
773 4288 952 4370 expositum
978 4307 1036 4370 pro
1062 4289 1281 4350 elaboratione
1297 4290 1372 4350 artis
1395 4289 1538 4371 ipsorum
1559 4291 1685 4372 absque

411 4394 492 4456 scitu
516 4394 742 4474 magistrorum
767 4393 937 4456 czeharum
962 4413 1068 4456 emere
1096 4395 1223 4474 audeat,
1255 4395 1311 4456 sed
1335 4395 1367 4456 id
1399 4396 1557 4476 magistris
1582 4397 1683 4458 czehe

411 4498 588 4581 patefacere
611 4512 778 4576 teneatur;
803 4512 835 4560 et
857 4499 901 4560 sic
925 4498 1044 4560 ferrum
1069 4499 1149 4560 illud
1174 4515 1297 4562 ematur
1321 4501 1346 4562 si
1363 4501 1519 4583 placuerit
1542 4515 1573 4562 et
1600 4502 1686 4564 inter

414 4605 583 4685 magistros
607 4604 778 4683 dividatur,
793 4625 883 4666 secus
897 4603 1016 4667 faciens
1033 4606 1217 4688 puniendus
1234 4607 1300 4667 erit.
1310 4607 1395 4668 iuxta
1413 4606 1684 4668 deliberationem

412 4710 516 4772 tocius
540 4709 820 4772 confraternitatis.

520 4815 633 4876 Sextus
656 4815 818 4878 articulus.
842 4817 960 4878 Nullus
976 4818 1203 4898 magistrorum
1220 4817 1373 4880 seducere
1390 4817 1508 4880 audeat
1524 4816 1686 4879 famulum

414 4919 544 4981 alterius
568 4920 709 5002 magistri
735 4920 774 4982 ad
803 4941 847 5002 se,
871 4923 938 4984 sive
970 4942 1027 5005 per
1058 4925 1157 5006 precii
1193 4925 1495 5006 augmentationem
1531 4937 1587 4985 aut
1621 4925 1685 4985 alia

414 5043 616 5108 quacumque
641 5026 766 5090 sinistra
782 5028 998 5110 persuasione,
1014 5029 1210 5091 contrarium
1228 5027 1331 5091 facere
1355 5043 1515 5090 attentans
1529 5043 1685 5110 repertus,
