3752 5806
842 535 916 598 D'oc,
933 547 985 605 29.
1005 567 1039 576 -
1060 535 1116 591 An.
1137 545 1227 610 1504.

405 639 732 647 ---.-.-ψ----.
741 641 935 647 --.-—.-.-.----—.
1002 641 1098 646 -.---
1144 641 1223 646 ---—-
1239 640 1290 644 —
1323 639 1347 644 -—
1395 640 1419 643 -.
1431 639 1519 644 x.—.
1563 637 1639 642 -—.
1656 637 1664 642 .

1003 759 1064 826 29.

510 919 583 970 Anno
606 920 681 985 1504,
699 921 739 970 23.
758 920 825 985 julil.
843 917 990 986 Zagrabiae

1499 995 1512 1026 b

410 1045 516 1105 coram
538 1048 652 1103 notario
669 1047 783 1120 publico
805 1055 833 1104 et
852 1047 1049 1104 commanente
1078 1045 1206 1105 celsitatis
1228 1047 1330 1103 montis
1357 1045 1509 1104 Grecensis
1532 1045 1667 1112 Marcus,

401 1152 500 1222 frater
514 1151 697 1222 Remelcnsis,
708 1151 847 1212 actionem
862 1153 985 1210 intendit
990 1153 1103 1229 secabo
1116 1149 1195 1210 Flam
1209 1153 1275 1222 civi,
1284 1152 1363 1226 quod
1377 1153 1503 1230 laganam
1515 1151 1667 1222 Margtloe

403 1257 437 1314 de
466 1257 628 1333 somnae,
649 1258 859 1333 lllichaelisquc
897 1257 1045 1332 Opras'nic‘
1072 1258 1152 1327 civis,
1174 1259 1345 1316 monasterio
1374 1258 1525 1316 remetensi
1552 1255 1667 1314 tradere

547 1365 661 1434 debriet,
684 1383 773 1439 neque
795 1363 900 1438 cipro
922 1365 1042 1439 offirmo
1064 1364 1202 1423 conducta
1225 1383 1313 1420 unum
1329 1363 1402 1438 flor.
1426 1365 1528 1424 solvat.

510 1521 544 1582 ln
568 1520 699 1582 nomine
724 1520 858 1582 domini.
882 1523 998 1580 Amen.
1015 1523 1111 1580 Anno
1133 1539 1150 1581 a
1171 1519 1334 1581 nativitate
1351 1519 1476 1580 domini
1492 1517 1666 1579 millesimo

404 1627 662 1708 quingentesimo
683 1641 807 1707 quart0,
829 1625 1009 1688 indiccione
1037 1627 1181 1710 septima,
1198 1625 1250 1687 die
1274 1645 1350 1686 vero
1375 1624 1495 1702 Martis,
1516 1623 1666 1684 vicesima

403 1733 499 1794 tercia
522 1732 640 1794 mensis
664 1733 751 1812 Julii,
774 1732 853 1794 hora
877 1731 967 1813 quasi
999 1732 1135 1814 septima
1160 1744 1233 1792 ante
1259 1731 1437 1808 meridiem,
1463 1728 1668 1812 pontificatus

403 1837 592 1900 sanctissimi
623 1838 656 1900 in
689 1837 818 1900 Christo
849 1837 947 1921 patris
978 1851 1010 1899 et
1041 1837 1164 1898 domini
1199 1837 1310 1916 nostri,
1334 1836 1457 1898 domini
1483 1834 1558 1896 Julii
1584 1853 1666 1916 pape

403 1943 545 2022 secundi,
573 1964 658 2005 anno
691 1943 759 2026 ejus
790 1945 905 2026 primo.
935 1943 969 2005 ln
995 1943 1136 2026 pretorio
1169 1961 1225 2004 seu
1257 1943 1290 2004 in
1323 1943 1421 2004 domo
1453 1940 1667 2004 consistoriali

404 2049 539 2111 civitatis
575 2050 863 2131 Montisgrecensis
890 2049 922 2110 in
959 2050 1022 2111 mei
1058 2049 1173 2110 notarii
1206 2048 1327 2131 publici
1362 2048 1557 2128 testiumque
1593 2047 1666 2108 sub-

403 2155 593 2237 scriptorum
618 2156 781 2238 presencia
805 2155 1014 2238 personaliter
1034 2154 1224 2216 constitutus
1242 2153 1433 2215 venerabilis
1450 2166 1481 2214 et
1497 2153 1666 2234 religiosus

403 2261 451 2322 vir
474 2260 568 2324 frater
592 2263 717 2324 Marcus
748 2262 933 2324 monasterii
964 2263 1055 2323 beate
1084 2261 1183 2322 Marie
1217 2261 1350 2342 virginis
1378 2261 1410 2322 in
1442 2258 1665 2342 promontorio

404 2367 601 2448 zagrabiensi
626 2367 761 2447 fundati,
786 2369 841 2450 qui
866 2367 999 2448 quidem
1016 2366 1110 2429 frater
1128 2368 1253 2428 Marcus
1270 2365 1310 2427 ad
1328 2366 1525 2448 presenciam
1542 2363 1667 2425 domini

406 2473 542 2535 Emerici
567 2473 707 2554 litterati,
731 2489 806 2536 tunc
839 2473 953 2536 iudicis
983 2474 1119 2536 civitatis
1147 2473 1427 2554 Montisgrecensis
1451 2470 1614 2533 existentis
1637 2482 1668 2531 et

404 2593 581 2642 ceterorum
607 2581 777 2643 consulum
801 2580 922 2642 ibidem
946 2593 977 2642 et
999 2581 1137 2642 aliorum
1155 2579 1194 2640 de
1212 2580 1441 2642 communitate
1459 2577 1667 2639 existencium

404 2686 508 2768 ipsum
526 2688 682 2749 Jacobum
698 2687 892 2749 Alemanum
910 2685 949 2747 de
961 2685 1048 2748 Flicz
1066 2685 1168 2747 civem
1186 2684 1306 2767 prefate
1324 2685 1460 2746 civitatis
1476 2682 1668 2765 judicialiter

403 2792 528 2854 attraxit
552 2793 678 2855 racione
703 2792 870 2854 cuiusdam
894 2792 1075 2854 testamenti
1106 2811 1162 2874 per
1186 2791 1323 2853 condam
1348 2791 1513 2852 dominam
1542 2789 1668 2869 Marga-

404 2897 526 2960 retham
549 2897 692 2960 relictam
716 2897 853 2960 condam
878 2897 996 2960 nobilis
1021 2896 1184 2958 Balthasar
1207 2897 1246 2958 de
1265 2895 1484 2958 Mikchowecz
1502 2896 1534 2956 in
1552 2894 1668 2956 ultimo

403 3003 537 3066 articulo
562 3023 618 3065 sue
642 3003 753 3065 mortis
777 3002 861 3074 facti,
888 3003 920 3064 in
944 3022 1009 3084 quo
1040 3002 1172 3084 quidem
1197 3003 1313 3064 ultimo
1336 3015 1528 3064 testamento
1553 3019 1668 3082 preno-

403 3110 522 3171 minata
547 3109 678 3171 domina
696 3109 897 3190 Margaretha
921 3109 1032 3170 villam
1057 3108 1220 3190 quandam
1237 3108 1400 3190 Marinczy
1424 3121 1570 3168 vocatam
1595 3125 1668 3167 cum

403 3215 554 3277 omnibus
585 3216 651 3277 suis
682 3214 887 3298 pertinenciis
920 3212 1046 3296 prefato
1079 3214 1275 3277 monasterio
1311 3228 1342 3275 et
1374 3213 1524 3274 iratribus
1560 3212 1593 3272 in
1628 3231 1668 3273 eo

404 3321 594 3402 degentibus
616 3341 674 3403 pro
698 3333 851 3402 perpetua
875 3321 1080 3402 eleemosyna
1105 3320 1233 3402 legavit.
1250 3318 1379 3381 Auditis
1394 3317 1580 3380 huiusmodi
1599 3337 1669 3400 par·

402 3427 489 3488 tibus
512 3427 579 3509 ipse
602 3426 743 3510 prefatus
774 3428 912 3490 lacobus
936 3427 982 3488 liti
1008 3427 1101 3488 cessit
1131 3427 1190 3488 sub
1215 3425 1274 3487 hac
1302 3425 1505 3503 condicione,
1530 3423 1618 3504 quod
1643 3423 1669 3484 si

402 3533 534 3614 pretacti
570 3531 680 3596 fratres
715 3533 953 3594 Heremitarum
989 3533 1049 3594 sibi
1085 3533 1125 3594 de
1160 3532 1317 3614 expensis,
1349 3550 1429 3612 quas
1463 3549 1522 3612 pro
1554 3528 1670 3590 eadem

404 3638 604 3720 Margaretha
618 3639 774 3721 exposuit,
787 3637 990 3718 satisfacient,
1004 3652 1118 3700 extunc
1134 3638 1277 3720 ipsorum
1294 3636 1343 3719 jus
1356 3635 1496 3698 habeant
1512 3635 1544 3696 in
1557 3634 1670 3696 villam

404 3745 567 3807 Marinche
599 3760 745 3808 vocatam
777 3746 853 3828 ipsis
883 3743 1145 3808 te'stamentaliter
1173 3746 1321 3826 legatam.
1347 3743 1472 3804 Eodem
1497 3741 1560 3822 die,
1584 3741 1670 3820 loco,

403 3852 492 3930 hora,
523 3851 719 3934 pontificatu,
759 3851 876 3932 quibus
913 3870 1019 3934 supra,
1056 3863 1204 3912 attractus
1248 3849 1308 3911 fuit
1338 3849 1588 3930 circumspectus
1621 3847 1671 3908 vir

404 3957 541 4020 Michael
575 3956 794 4039 Opraschnich
829 3957 869 4018 ad
903 3957 1103 4038 presenciam
1138 3955 1251 4038 prelati
1287 3955 1401 4036 judicis
1433 3954 1670 4034 consulumque

404 4062 524 4124 ibidem
549 4062 757 4124 existencium
780 4082 837 4144 per
860 4061 1019 4144 prefatum
1043 4062 1213 4122 dominum
1240 4061 1396 4123 vicarium
1419 4058 1534 4142 prelati
1557 4078 1671 4120 mona·

403 4168 489 4228 sterii
513 4168 641 4230 racione
663 4187 775 4230 census
791 4169 885 4229 unius
902 4168 1026 4248 floreni,
1044 4187 1141 4249 quem
1158 4167 1295 4230 debebat
1310 4179 1453 4249 pretacto
1471 4166 1671 4228 monasterio

403 4273 538 4353 singulis
569 4274 660 4336 annis
684 4274 716 4334 in
748 4272 829 4336 festo
863 4273 1099 4356 purificationis
1130 4274 1231 4335 Marie
1260 4273 1300 4335 de
1335 4272 1435 4334 domo
1466 4286 1498 4335 et
1527 4273 1672 4334 stacione

405 4378 543 4440 condam
566 4380 694 4441 sartoris
711 4379 846 4458 Nicolai,
864 4380 940 4440 civis
957 4378 1077 4463 prefate
1095 4381 1240 4458 civitatis,
1256 4379 1456 4462 persolvere;
1477 4378 1670 4461 quiquidem

405 4483 544 4545 florenus
568 4505 585 4545 a
609 4485 672 4566 jam
697 4485 781 4547 dicto
800 4485 935 4547 Nicolao
959 4501 1079 4548 sartore
1104 4486 1163 4568 ipsi
1188 4486 1382 4547 monasterio
1407 4483 1673 4547 testamentaliter

406 4587 465 4648 fuit
489 4590 621 4670 legatus.
647 4591 795 4652 Tandem
820 4591 936 4652 auditis
969 4591 1111 4672 utrisque
1134 4591 1277 4674 partibus
1301 4591 1453 4652 dominus
1475 4589 1571 4671 judex
1596 4610 1671 4652 cum

406 4693 470 4752 suis
494 4695 682 4756 consiliariis
705 4709 836 4777 totaque
861 4697 1089 4758 communitate
1115 4696 1379 4778 adjudicaverunt
1402 4710 1432 4757 et
1449 4695 1673 4776 decreverunt,

408 4798 495 4877 quod
519 4799 586 4880 ipse
608 4800 853 4883 circumspectus
877 4802 924 4862 vir
942 4802 1078 4864 Michael
1096 4802 1317 4885 Opraschnich
1333 4801 1457 4883 prefato
1473 4802 1672 4863 monasterio

407 4903 542 4982 singulis
565 4906 657 4965 annis
673 4907 718 4967 uti
735 4923 827 4968 antea
844 4908 1046 4988 persolvebat
1062 4929 1162 4969 unum
1180 4909 1338 4969 florenum
1355 4907 1394 4968 de
1412 4908 1553 4990 predicta
1570 4907 1672 4970 domo

408 5021 438 5068 et
469 5008 609 5069 stacione
640 5012 762 5076 solvere
793 5013 907 5076 debeat
938 5027 968 5078 et
999 5027 1154 5076 teneatur.
1180 5013 1282 5096 Super
1313 5014 1431 5094 quibus
1463 5015 1616 5076 omnibus
1641 5029 1672 5076 et
