3732 5802
353 510 394 593 78
793 512 935 588 Dac.7,1.
954 545 990 554 —
1017 511 1071 571 An.
1088 523 1178 586 1510.

353 735 567 819 conspicimus
591 736 760 798 salubriter
785 736 944 819 expedire.
964 737 1046 798 Sane
1070 757 1129 818 pro
1154 751 1241 820 parte
1265 737 1456 800 dilectorum
1478 737 1620 798 filiorum

353 843 505 925 prepositi
530 857 561 904 et
581 842 711 924 capituli
734 841 865 905 ecclesie
888 843 1102 923 zagrabiensis
1118 863 1220 924 nuper
1236 845 1329 904 nobis
1345 843 1485 906 exhibita
1501 843 1619 926 peticio

355 950 548 1026 continebat,
573 947 660 1030 quod
686 949 761 1010 licet
784 949 815 1010 in
844 949 968 1010 statutis
992 961 1023 1009 et
1045 949 1329 1011 consuetudinibus
1353 950 1486 1010 ecclesie
1509 967 1620 1029 zagra·

355 1056 474 1117 biensis
499 1057 579 1118 inter
602 1055 663 1117 alia
690 1068 839 1118 caveatur
863 1073 1018 1138 expresse,
1036 1055 1124 1136 quod
1149 1055 1294 1116 canonici
1318 1055 1400 1116 dicte
1425 1055 1556 1117 ecclesie
1579 1056 1621 1115 ab

356 1163 409 1224 illa
442 1162 589 1224 absentes
623 1175 653 1224 et
685 1163 716 1224 in
751 1183 787 1224 ea
820 1181 885 1224 non
926 1161 1151 1240 deservientes,
1183 1159 1348 1240 fructibus,
1379 1161 1557 1245 redditibus
1590 1173 1622 1222 et

356 1269 565 1351 proventibus
588 1269 834 1330 canonicatuum
856 1281 887 1330 et
907 1267 1142 1350 prebendarum
1164 1287 1221 1353 per
1238 1287 1293 1328 eos
1310 1267 1341 1328 in
1359 1267 1470 1330 eadem
1489 1267 1623 1328 ecclesia

358 1376 574 1454 obtentorum,
599 1395 722 1450 carere3
746 1387 777 1435 et
808 1371 1023 1436 archidiaconi
1053 1375 1135 1435 dicte
1168 1374 1300 1436 ecclesie
1331 1375 1459 1437 racione
1488 1392 1623 1434 suorum

358 1479 685 1560 archidiaconatuum,
710 1480 766 1562 qui
799 1481 829 1541 in
863 1480 975 1542 eadem
1004 1481 1136 1542 ecclesia
1160 1480 1330 1561 dignitates
1354 1481 1502 1560 existunt,
1526 1481 1622 1540 simul

359 1607 432 1648 cum
469 1606 526 1670 pro
561 1599 706 1669 tempore
738 1587 891 1648 existente
925 1587 1076 1668 episcopo
1109 1587 1316 1668 zagrabiensi,
1348 1587 1380 1648 in
1412 1586 1624 1668 percepcione

360 1693 568 1771 decimarum,
587 1693 695 1774 quoad
720 1712 789 1754 eam
815 1705 948 1774 partem,
966 1711 1028 1773 que
1052 1692 1092 1754 ad
1118 1693 1202 1774 ipsos
1222 1691 1464 1753 archidiaconos
1480 1691 1624 1772 legitime

360 1798 506 1880 pertinet,
541 1798 729 1880 participare
768 1797 922 1873 debeant;
962 1811 1070 1859 tamen
1109 1798 1184 1879 quia
1223 1797 1306 1858 dicta
1343 1810 1458 1859 statuta
1494 1816 1512 1858 a
1547 1796 1625 1857 sede

361 1905 534 1987 apostolica
559 1904 743 1967 confirmata
768 1919 798 1966 et
822 1923 904 1986 pena
928 1905 1035 1984 aliqua
1060 1902 1361 1964 contrafacientibus
1388 1902 1533 1985 apposita
1557 1921 1625 1962 non

362 2011 509 2089 existunt,
533 2011 639 2093 plures
668 2032 704 2074 ex
728 2011 890 2074 canonicis
906 2011 988 2072 dicte
1006 2010 1138 2072 ecclesie
1157 2023 1188 2071 et
1204 2011 1301 2071 etiam
1317 2009 1465 2071 nonnulli
1482 2007 1627 2090 episcopi

362 2117 594 2198 zagrabienses,
619 2117 674 2198 qui
705 2137 764 2199 pro
787 2131 932 2199 tempore
957 2115 1084 2196 inerint,
1109 2129 1223 2178 statuta
1245 2116 1430 2178 huiusmodi
1455 2117 1628 2176 observare

363 2241 427 2284 non
460 2235 619 2301 curarunt,
644 2235 739 2304 prout
762 2223 863 2284 eciam
888 2223 963 2284 certi
989 2243 1026 2284 ex
1049 2222 1173 2284 dilectis
1196 2221 1270 2284 filiis
1293 2221 1457 2284 modernis
1480 2220 1629 2283 eiusdem

363 2328 494 2389 ecclesie
530 2328 691 2389 canonicis
727 2349 764 2389 ea
799 2329 967 2390 observare
1002 2349 1067 2390 non
1100 2344 1220 2407 curant,
1254 2330 1410 2410 quinymo
1443 2329 1483 2388 ab
1513 2327 1629 2388 eadem

363 2434 495 2496 ecclesia
518 2454 550 2495 se
574 2435 741 2495 absentant
766 2448 796 2496 et
817 2433 909 2496 dictis
930 2436 1092 2516 preposito
1116 2449 1146 2496 et
1170 2435 1310 2517 capitulo
1327 2455 1421 2516 super
1437 2433 1630 2514 assignanda

363 2539 511 2622 portione
535 2538 706 2618 fructuum,
724 2540 907 2601 reddituum
932 2555 962 2602 et
985 2554 1200 2623 proventuum
1223 2560 1279 2602 eus
1299 2541 1343 2602 sic
1360 2561 1377 2602 a
1395 2540 1478 2601 dicta
1495 2540 1631 2600 ecclesia

365 2645 549 2707 absentibus
573 2659 602 2706 et
626 2647 658 2706 in
683 2667 719 2706 ea
740 2666 805 2708 non
827 2646 1077 2708 deservientibus
1098 2646 1184 2727 juxta
1204 2660 1319 2708 statuta
1336 2646 1477 2728 predicta
1494 2645 1632 2706 minime

366 2751 558 2830 debitorum,
587 2752 694 2833 plures
725 2751 888 2814 molestias
920 2751 1034 2814 inferre
1066 2773 1131 2820 non
1168 2766 1306 2828 cessant;
1341 2765 1373 2814 et
1402 2752 1482 2814 sicut
1516 2751 1632 2812 eadem

365 2857 476 2940 petitio
501 2856 723 2939 subjungebat,
754 2858 779 2918 si
812 2857 942 2938 fructus,
976 2858 1119 2920 redditus
1154 2871 1185 2920 et
1219 2871 1393 2940 proventus
1417 2856 1552 2940 predicti
1579 2875 1633 2918 ca·

367 2965 491 3026 nonicis
515 2963 597 3026 dicte
622 2964 754 3026 ecclesie
781 2966 821 3026 ab
846 2985 882 3026 ea
899 2965 1083 3027 absentibus
1099 2964 1270 3026 ministrari
1288 2964 1451 3042 deberent,
1466 2962 1560 3045 pauci
1576 2962 1631 3022 vel

368 3070 449 3132 nulli
473 3071 618 3131 canonici
642 3071 674 3132 in
700 3070 782 3132 dicta
806 3071 939 3132 ecclesia
963 3071 1153 3148 residerent;
1178 3085 1209 3132 et
1229 3071 1375 3132 similiter
1395 3069 1421 3130 si
1438 3069 1512 3130 dicti
1529 3067 1635 3130 archi-

367 3176 494 3237 diaconi
517 3177 666 3258 portione
694 3177 901 3254 decimarum,
925 3197 980 3238 eos
1005 3176 1179 3259 respective
1204 3176 1421 3257 contingente,
1443 3174 1632 3236 huiusmodi

368 3283 577 3365 privarentur,
603 3281 730 3343 divinus
761 3282 865 3344 cultus
892 3283 924 3342 in
950 3283 1063 3344 eadem
1086 3283 1222 3344 ecclesia
1246 3282 1434 3364 quotidiana
1460 3282 1637 3342 incurreret

370 3388 568 3450 detrimenta.
594 3388 701 3461 Quare
725 3408 783 3470 pro
807 3401 894 3470 parte
917 3400 983 3450 tarn
1010 3389 1163 3471 prepositi
1196 3403 1227 3450 et
1251 3387 1381 3469 capituli
1405 3387 1636 3470 predictorum,

370 3515 467 3576 quam
491 3495 682 3556 venerabilis
705 3493 808 3555 iratris
831 3496 930 3556 nostri
955 3496 1102 3557 moderni
1126 3496 1267 3578 episcopi
1292 3495 1517 3576 zagrabiensis,
1540 3495 1637 3556 nobis

371 3601 431 3663 fuit
463 3599 626 3662 humiliter
657 3601 881 3684 supplicatum,
906 3615 941 3663 ut
971 3603 1093 3664 statutis
1122 3602 1271 3684 predictis
1294 3621 1352 3684 pro
1376 3601 1508 3662 illorum
1531 3601 1636 3662 subsi-

371 3707 485 3770 stentia
508 3707 651 3785 firmiori,
671 3709 768 3769 robur
791 3709 965 3790 apostolice
990 3708 1240 3770 confirmationis
1263 3708 1411 3786 adiicere,
1433 3707 1577 3787 aliasque
1602 3707 1636 3767 in

371 3815 532 3897 premissis
555 3827 711 3896 oportune
738 3814 906 3894 providere
937 3814 976 3876 de
1004 3815 1200 3896 benignitate
1220 3814 1395 3896 apostolica
1417 3813 1637 3894 dignaremur.

373 3923 440 3982 Nos
470 3919 566 4000 igitur
596 3919 793 4001 episcopum,
818 3920 1014 4001 prepositum
1044 3933 1075 3980 et
1106 3919 1282 4002 capitulum
1305 3919 1454 4001 prefatos,
1478 3939 1513 3980 ac
1537 3918 1639 4001 ipsius

374 4027 504 4109 capituli
539 4026 714 4106 singulares
749 4045 900 4106 personas
935 4047 952 4087 a
983 4007 1149 4106 quibusvis
1184 4026 1534 4103 excommunicationis,
1569 4044 1637 4086 sus-

373 4134 536 4217 pensionis
568 4145 598 4193 et
628 4123 797 4209 interdicti,
830 4131 963 4212 aliisque
994 4131 1213 4193 ecclesiasticis
1240 4131 1414 4210 sententiis,
1441 4129 1582 4193 censuris
1609 4143 1639 4192 et

375 4241 475 4323 penis,
492 4261 508 4300 a
533 4239 601 4320 jure
618 4237 668 4299 vel
685 4237 724 4298 ab
741 4237 871 4298 homine
889 4239 999 4318 quavis
1017 4239 1184 4300 occasione
1201 4237 1251 4298 vel
1269 4257 1363 4299 causa
1379 4238 1460 4316 latis,
1477 4237 1502 4298 si
1519 4237 1640 4318 quibus

376 4345 622 4426 quomodolibet
653 4343 797 4404 innodati
830 4343 975 4422 existunt,
1000 4344 1040 4405 ad
1074 4343 1220 4406 effectum
1252 4345 1449 4426 presentium
1474 4344 1641 4405 dumtaxat

377 4450 650 4532 consequendum,
667 4449 780 4509 harum
803 4449 884 4509 serie
905 4449 1106 4512 absolventes
1124 4463 1154 4512 et
1175 4449 1358 4512 absolutum
1378 4449 1446 4512 fore
1462 4463 1641 4526 censentes,

377 4556 560 4618 huiusmodi
600 4553 888 4636 supplicationibus
925 4555 1079 4634 inclinati,
1118 4569 1233 4617 statuta
1272 4556 1413 4638 predicta
1452 4555 1641 4617 auctoritate

378 4664 552 4748 apostolica
590 4676 700 4724 tenore
743 4660 937 4742 presentium
990 4659 1217 4722 confirmamus
1268 4675 1299 4722 et
1337 4663 1565 4745 approbamus,
1605 4681 1643 4723 ac

378 4783 529 4880 perpetpe
565 4769 722 4831 firmitatis
758 4769 855 4828 robur
891 4766 1046 4848 obtinere,
1070 4787 1171 4850 eaque
1207 4769 1266 4830 sub
1299 4769 1644 4830 excommunicationis

379 4877 509 4938 maioris
553 4895 588 4936 ac
630 4875 700 4936 aliis
739 4873 958 4935 ecclesiasticis
995 4875 1170 4953 sententiis,
1210 4874 1351 4935 censuris
1387 4887 1418 4936 et
1455 4875 1546 4956 penis
1586 4895 1646 4956 per

381 5003 445 5061 eos,
478 4983 532 5063 qui
564 4980 816 5060 contrafecerint,
849 4981 1078 5061 cuiuscumque
1110 4981 1282 5062 dignitatis,
1307 4993 1415 5060 status,
1438 4979 1557 5061 gradus
1592 4983 1647 5044 vel
