3732 5802
649 558 721 614 Dor.
748 552 800 618 82.
824 589 865 600 -
896 556 953 616 An.
979 566 1067 630 1510.
1448 551 1488 633 89

227 663 402 670 ——m—
432 663 570 669 ...-.-.--.
599 663 708 668 .----.-

222 785 447 868 prefigendum
480 803 586 846 coram
617 784 780 845 Maiestate
811 795 919 844 nostra
943 782 993 844 vel
1020 782 1090 865 ipso
1115 782 1352 844 locumtenente
1379 797 1488 843 nostro

222 892 435 974 personaliter
473 903 527 952 aut
565 911 620 972 per
658 903 880 972 procuratores
915 901 1035 950 vestros
1071 905 1255 970 comparere
1291 888 1323 950 in
1357 907 1487 950 omnem

222 1011 375 1060 eventurn
415 997 578 1072 debeatis;
610 1016 683 1060 narn
722 995 868 1078 alioquin
900 996 976 1058 certi
1009 995 1086 1076 sitis,
1118 995 1206 1075 quod
1238 1014 1296 1056 nos
1327 995 1377 1056 vel
1403 994 1488 1056 idem

221 1105 445 1166 locumtenens
468 1117 585 1182 noster,
608 1123 674 1164 non
702 1103 847 1164 obstante
871 1101 1018 1164 absencia
1042 1115 1155 1180 vestra,
1178 1102 1218 1162 ad
1242 1101 1338 1184 partis
1360 1119 1488 1182 compa-

222 1211 321 1273 rentis
357 1209 545 1272 instanciam
581 1209 614 1270 id
648 1208 801 1270 faciemus
832 1208 865 1269 in
898 1207 1060 1289 premissis
1090 1207 1178 1288 quod
1210 1206 1375 1268 dictaverit
1408 1206 1488 1268 ordo

223 1316 309 1396 juris.
331 1315 431 1390 Quod
452 1316 478 1377 si
501 1315 630 1378 tandem
656 1315 753 1376 altera
769 1315 912 1397 parcium
930 1327 1106 1376 vestrarum
1123 1327 1195 1396 post
1211 1312 1488 1374 adiudicacionem

223 1421 411 1484 huiusmodi
435 1435 467 1482 et
490 1421 682 1484 revisionem
707 1433 848 1482 nostram
873 1419 924 1482 vel
943 1419 1086 1481 eiusdem
1110 1419 1358 1510 locumtenentis
1379 1420 1488 1497 nostri,

222 1527 561 1609 deliberacioncmque
587 1527 701 1590 exinde
725 1529 953 1608 subsequutam
974 1541 1082 1587 contra
1099 1539 1222 1608 partem
1238 1524 1487 1607 triumphantem

222 1634 281 1696 hac
306 1635 339 1696 in
363 1654 397 1695 re
421 1635 452 1696 in
478 1633 561 1696 facto
593 1634 795 1716 proprietatis
818 1633 942 1714 aliquid
965 1652 1059 1714 agere
1083 1631 1239 1712 habuerit,
1264 1633 1296 1694 id
1322 1631 1393 1694 talis
1416 1651 1488 1714 pars

221 1738 309 1819 juxta
341 1741 506 1821 antiquam
540 1740 603 1801 loci
635 1740 722 1802 illius
753 1737 1017 1801 consvetudinem
1041 1739 1182 1820 requirat
1212 1751 1244 1801 et
1266 1749 1486 1820 prosequatur.

222 1847 322 1909 Secus
358 1846 454 1927 igitur
489 1845 578 1907 nulla
610 1846 732 1907 ratione
768 1845 871 1908 facere
906 1844 1059 1906 audeatis.
1095 1845 1299 1906 Presentibus
1330 1843 1487 1926 perlectis,

222 1951 385 2014 exhibenti
420 1952 579 2014 restitutis.
614 1951 733 2014 Datum
766 1952 798 2012 in
830 1970 900 2014 arce
933 1951 1084 2014 Nitriensi
1113 1951 1145 2012 in
1174 1950 1254 2013 festo
1282 1949 1488 2012 exaltacionis

221 2072 330 2121 sancte
355 2057 479 2120 Crucis.
504 2061 601 2119 Anno
626 2057 749 2118 domini
773 2057 947 2118 millesimo
970 2057 1229 2139 quingentesimo
1253 2057 1390 2118 decimu.

600 2208 732 2270 Relacio
756 2207 917 2290 magnifici
941 2208 1064 2275 domini
1089 2207 1254 2270 benedicti
1279 2207 1318 2268 de
1342 2207 1485 2290 Bathyan

646 2296 837 2359 thezaurarii
862 2297 947 2379 regie
972 2297 1155 2359 Maiestatis.

327 2471 465 2538 Originale
483 2470 509 2524 in
528 2473 627 2524 charta.
647 2471 676 2525 ln
696 2475 813 2540 margine
833 2474 950 2526 inleriorl
971 2475 1128 2540 impressum
1148 2478 1190 2526 est
1208 2473 1333 2538 sigillum.
1349 2473 1376 2524 ln
1389 2473 1485 2525 archiv.

219 2575 279 2612 verr.
301 2562 366 2626 Cap.
385 2563 492 2626 zagrah.
512 2561 569 2614 Act.
590 2561 654 2626 Cap.
674 2565 718 2614 ant
747 2563 810 2615 fasc.
833 2563 871 2614 10.
892 2577 928 2613 nr.
949 2563 990 2615 71.

825 2846 885 2912 82.

328 3003 402 3054 Anno
425 3003 499 3067 1510,
519 3005 544 3056 4.
563 3003 692 3055 octobris.
712 3001 869 3069 Zagrahiae.

224 3149 330 3206 Coram
362 3149 487 3222 capitulo
516 3151 635 3222 zagrab.
664 3145 834 3220 Maliacus,
861 3159 954 3208 rector
986 3153 1137 3230 hospitalis
1168 3172 1189 3211 s.
1213 3151 1338 3209 Antonii
1364 3154 1395 3208 in
1426 3153 1486 3209 vico

217 3256 395 3314 Larinomm
419 3256 475 3325 siti,
491 3274 523 3314 sc
546 3274 583 3313 cx
604 3253 765 3314 hereditate
781 3257 876 3315 Lucae
898 3260 1020 3332 episcopi
1041 3273 1080 3316 10
1096 3260 1169 3333 flor.
1186 3259 1386 3332 inhospitalis
1403 3277 1485 3317 usum

686 3363 826 3438 accepim
851 3366 1020 3439 comprobat.

325 3501 393 3562 Nos
425 3501 600 3583 capitulum
633 3503 764 3565 ecclesie
792 3505 1017 3586 zagrabiensis.
1041 3506 1197 3566 Memorie
1222 3505 1485 3568 commendamus

219 3626 278 3688 per
303 3619 476 3688 presentes,
501 3608 589 3689 quod
610 3609 809 3672 honorabilis
829 3609 979 3672 dominus
996 3611 1131 3672 Mathias
1148 3611 1304 3693 plebanus
1319 3611 1485 3694 hospitalis

217 3713 354 3774 ecclesie
370 3713 469 3774 sancti
486 3713 641 3776 Anthonii
659 3715 690 3776 in
709 3715 779 3777 vico
798 3716 997 3798 Latinorum,
1014 3718 1168 3798 Zagrabie
1185 3716 1326 3796 fundate,
1344 3731 1484 3780 nostram

216 3819 429 3902 personaliter
459 3821 590 3882 veniens
622 3822 652 3882 in
684 3823 893 3904 presenciam,
917 3837 1041 3906 sponte,
1065 3825 1136 3885 vive
1161 3825 1250 3886 vocis
1273 3844 1328 3884 sue
1352 3825 1484 3886 oraculo

216 3923 384 3987 consessus
408 3939 454 3986 est
478 3925 510 3987 in
531 3926 617 3988 hunc
640 3927 792 3989 modum:
810 3929 976 4009 quomodo
994 3931 1060 4011 ipse
1077 3931 1276 3992 venerabiles
1293 3943 1323 3992 et
1339 3932 1485 4012 egregios

216 4031 369 4092 dominos
398 4033 654 4094 reverendissimi
686 4035 822 4096 condam
847 4035 970 4098 domini
995 4037 1081 4098 Luce
1106 4038 1247 4119 episcopi
1272 4038 1485 4118 zagrabiensis

215 4148 413 4216 executores,
438 4137 477 4198 de
502 4153 532 4200 et
555 4158 650 4221 super
674 4139 839 4202 solucione
860 4161 895 4202 ac
920 4142 1108 4204 omnimoda
1132 4141 1345 4204 satisfactione
1371 4143 1481 4204 decem

216 4244 286 4305 flor.
323 4243 384 4304 sibi
423 4263 479 4326 per
517 4245 657 4306 eundern
696 4246 997 4308 reverendissimum
1037 4248 1204 4310 dominum
1247 4249 1366 4310 Lucam
1407 4268 1481 4309 cou-

216 4349 292 4411 dam
318 4349 505 4431 episcopum
539 4365 570 4411 et
593 4371 648 4432 per
672 4371 873 4434 consequens
896 4351 1017 4435 prefate
1041 4354 1171 4415 ecclesie
1196 4353 1362 4436 hospitalis
1384 4355 1483 4415 sancti

216 4453 374 4516 Anthonii
405 4454 596 4536 legatorum,
627 4455 719 4536 lacta,
749 4458 897 4538 quiettos,
931 4459 1096 4540 expeditos
1128 4480 1163 4521 ac
1196 4461 1300 4522 modis
1332 4461 1483 4521 omnibus

215 4559 384 4622 absolutos
418 4559 608 4623 reddidisset
639 4574 670 4623 et
701 4563 922 4642 commisisset,
956 4565 1056 4627 immo
1091 4567 1230 4628 reddidit
1261 4581 1291 4627 et
1322 4565 1483 4628 commisit

214 4685 323 4728 coram
362 4667 455 4728 nobis
492 4667 677 4730 testimonio
714 4671 915 4751 presencium
953 4670 1125 4734 mediante.
1168 4672 1286 4734 Datum
1326 4673 1359 4733 in
1400 4672 1480 4734 festo

216 4771 299 4833 beati
328 4772 488 4834 Francisci
523 4773 722 4836 confessoris.
748 4780 843 4838 Anno
868 4776 999 4838 Domini
1024 4777 1197 4840 millesimo
1222 4779 1481 4861 quingentesimo

217 4877 355 4940 decimo.

321 5034 459 5102 Originale
478 5034 503 5088 in
525 5039 622 5091 charta.
643 5039 669 5090 ln
689 5039 786 5090 archiv.
805 5055 863 5091 ven.
884 5039 968 5105 Capit.
988 5047 1038 5093 ant.
1060 5043 1122 5094 lasa.
1142 5047 1183 5095 91.
1205 5059 1241 5094 nr.
1261 5047 1302 5096 28.
