3752 5806
645 580 718 638 Dec.
735 575 787 656 46.
812 612 845 622 -
874 581 929 641 An.
949 593 1036 656 1505.
1429 607 1471 670 47

204 815 360 864 tecturam
385 817 492 866 sancte
516 806 715 887 Margaretbe
739 807 882 891 plenarie
906 810 1166 888 extradedissent,
1184 813 1284 874 immo
1305 813 1472 894 dederunt,

205 909 413 971 contulerunt
428 925 460 972 et
472 912 685 976 vendiderunt
701 935 808 977 coram
823 915 917 976 nobis
932 914 1000 997 jure
1013 931 1168 998 perpetuo
1180 931 1210 978 et
1223 918 1472 981 irrevocabiliter

204 1014 390 1094 tenendam,
414 1005 641 1098 possidendam
673 1021 791 1103 pariter
814 1033 846 1082 et
867 1021 1048 1083 habendam
1077 1042 1112 1084 ac
1137 1021 1222 1102 juxta
1247 1023 1472 1089 condicionem

205 1121 342 1182 civitatis
366 1135 532 1204 prenotate
557 1126 596 1185 ab
620 1127 754 1208 antiquo
770 1127 1012 1208 privilegialiter
1027 1129 1247 1209 approbatam,
1265 1149 1471 1212 quocumque

204 1226 344 1288 voluerit
376 1227 622 1310 disponendam.
647 1232 680 1293 In
714 1233 804 1293 cuius
837 1233 881 1294 rei
906 1234 1095 1295 memoriam
1119 1247 1215 1315 atque
1239 1235 1470 1316 testimonium,

204 1333 454 1416 firmitatemque
477 1351 665 1419 perpetuam
689 1352 851 1420 presentes
876 1339 982 1420 sigillo
999 1353 1108 1402 nostro
1125 1343 1288 1402 communi
1307 1343 1472 1404 roboratas

205 1440 357 1501 duximus
390 1443 621 1505 concedendas.
655 1444 773 1506 Datum
806 1444 884 1506 feria
916 1445 1055 1507 secunda
1086 1446 1118 1507 in
1150 1446 1291 1528 profesto
1320 1448 1470 1511 undecim

205 1546 306 1607 millia
330 1547 504 1628 virginum.
528 1553 625 1611 Anno
649 1549 773 1612 domini
798 1551 971 1614 millesimo
996 1552 1254 1633 quingentesimo
1279 1554 1403 1634 quintu.

274 1669 413 1736 Originale
443 1671 468 1721 ln
498 1673 656 1726 membrana.
675 1673 697 1723 Α
715 1677 794 1739 tergo
814 1675 970 1739 impressum
991 1681 1032 1726 est
1050 1676 1167 1740 sigillum
1186 1678 1341 1730 communis.
1353 1677 1380 1728 ln
1400 1680 1470 1734 areb.

204 1756 248 1811 lib.
267 1773 324 1824 reg.
346 1759 396 1810 civ.
415 1761 521 1824 zagreb.

809 1993 874 2058 46.

308 2131 385 2180 Anno
408 2129 482 2194 1505,
504 2131 542 2182 12.
563 2133 722 2186 novembris.
741 2133 839 2186 aurae.

210 2256 378 2314 Vladislaus
408 2259 567 2332 Hungarie
597 2267 645 2320 etc.
676 2281 731 2318 rex
764 2261 951 2320 Ferdinando
985 2262 1020 2320 de
1052 2263 1293 2336 Frangepanibus
1321 2267 1418 2322 comiti
1444 2275 1472 2323 et

202 2363 342 2434 Beatrr'ci,
365 2383 439 2438 quae
461 2373 550 2422 morte
565 2367 699 2442 joannis
728 2367 848 2425 Corvini
869 2375 912 2424 est
931 2368 1061 2442 viduata,
1084 2369 1216 2444 mandat,
1243 2378 1276 2426 ut
1296 2379 1392 2443 erepta
1411 2381 1470 2448 pro

194 2473 330 2543 portorio
352 2473 445 2544 spolia
468 2473 672 2531 mercatoribus
695 2473 928 2546 sagrabiensr'bus
942 2473 1073 2548 reddant,
1092 2493 1160 2532 neve
1175 2493 1193 2530 a
1210 2475 1318 2532 civibus
1333 2476 1468 2534 tributum

677 2589 736 2652 pro
758 2597 846 2636 merce
869 2581 995 2653 exigant.

307 2716 508 2779 Wladislaus
532 2717 583 2779 dei
607 2719 713 2800 gracia
737 2738 790 2780 rex
816 2719 981 2801 Hungarie
1007 2731 1037 2780 et
1055 2719 1209 2782 Bohemie
1227 2735 1285 2784 etc.
1302 2723 1469 2786 Fidelibus

199 2823 319 2884 nostris
343 2823 514 2905 magnifico
538 2824 744 2886 Ferdinando
769 2825 878 2887 comiti
903 2825 942 2886 de
967 2825 1231 2908 Frangepanibus
1254 2847 1289 2889 ac
1307 2829 1420 2891 illustri
1438 2845 1469 2892 et

198 2949 356 3010 generose
389 2930 520 2992 domine
552 2930 706 3010 Beatrice‚
731 2931 838 2993 relicte
870 2931 1008 2993 condam
1033 2931 1187 2994 Johannis
1218 2934 1353 2996 Coruini
1378 2935 1468 2997 ducis

200 3048 259 3097 etc.
285 3036 387 3097 sorori
412 3036 566 3116 eiusdem,
591 3038 726 3100 salutem
751 3050 782 3100 et
804 3038 954 3120 graciam.
977 3037 1156 3120 Exponitur
1181 3039 1336 3101 Maiestati
1362 3054 1467 3103 nostre

200 3142 232 3203 in
257 3142 405 3224 personis
428 3143 573 3204 fidelium
591 3157 773 3206 nostrorum
796 3144 1098 3226 circumspectorum
1115 3143 1229 3225 judicis
1245 3159 1275 3207 et
1291 3145 1466 3228 juratorum

200 3249 321 3310 civium
346 3261 376 3310 et
399 3251 502 3311 tocius
519 3251 758 3311 communitatis
781 3249 916 3312 civitatis
937 3263 1045 3311 nostre
1062 3251 1180 3313 montis
1194 3250 1363 3314 Grecenais
1378 3254 1467 3334 gravi

200 3375 274 3415 cum
300 3355 442 3435 querela,
460 3355 549 3436 quod
572 3356 647 3417 licet
670 3376 729 3417 nos
753 3356 801 3416 his
825 3356 1043 3438 superioribus
1063 3356 1187 3436 diebus,
1203 3359 1295 3419 vobis
1318 3377 1375 3441 per
1391 3359 1468 3420 alias

199 3474 326 3522 nostras
348 3460 617 3540 mandaverimus,
638 3475 673 3523 ut
696 3481 753 3522 vos
777 3461 832 3523 illa
856 3462 1007 3522 animalia
1032 3463 1209 3524 eorundem
1233 3465 1466 3545 exponentium

198 3587 256 3650 per
279 3581 310 3629 te
335 3567 537 3629 Ferdinande
570 3568 610 3629 de
635 3588 749 3650 campo
774 3569 917 3650 ipsorum
942 3567 1099 3630 violenter
1127 3570 1248 3648 abacta,
1272 3569 1327 3631 sed
1352 3583 1383 3632 et
1405 3569 1466 3631 alia

199 3693 334 3754 quoque
364 3673 467 3755 spolia
498 3675 567 3736 istic
598 3689 708 3757 perte
732 3675 911 3752 commissa,
937 3674 1057 3735 eisdem
1079 3676 1312 3755 exponentibus
1334 3675 1467 3737 reddere

199 3794 231 3842 et
253 3780 420 3841 restituere
450 3779 626 3856 deberetis;
658 3793 765 3842 tamen
791 3800 858 3858 vos,
882 3781 1020 3841 nescitur
1049 3781 1167 3860 quibus
1191 3781 1395 3863 respectibus,
1419 3799 1466 3842 ra·

200 3885 328 3947 cionem
360 3885 545 3948 huiusmodi
578 3886 804 3948 mandatorum
828 3899 1011 3948 nostrorum
1036 3905 1100 3946 non
1126 3885 1288 3964 habentes,
1313 3887 1466 3968 premissa

199 3991 322 4053 eisdem
346 3993 581 4074 exponentibus
604 3992 768 4053 restituere
794 3991 998 4070 nolluissetis,
1021 4003 1117 4073 prout
1148 3993 1275 4053 nolletis
1299 3993 1401 4054 eciam
1426 3991 1466 4054 de

198 4098 359 4179 presenti3
383 4111 414 4159 et
436 4113 541 4180 preter
564 4097 624 4159 hoc
648 4118 706 4159 vos
729 4097 860 4160 domina
884 4097 1008 4158 Beatrix
1035 4111 1144 4160 contra
1163 4099 1230 4179 jura
1255 4111 1286 4159 et
1306 4097 1467 4159 libertates

199 4204 344 4285 ipsorum
377 4205 622 4286 exponencium,
647 4204 733 4286 ipsos
763 4219 968 4286 exponentes,
992 4217 1121 4266 mortuo
1155 4205 1275 4265 scilicet
1306 4203 1369 4264 iam
1397 4204 1466 4284 ipso

199 4310 338 4372 condam
371 4310 462 4389 duce,
495 4311 629 4372 domino
662 4324 693 4372 et
723 4311 839 4372 marito
871 4323 987 4387 vestr0,
1020 4310 1053 4370 in
1083 4311 1176 4371 bonis
1201 4309 1310 4370 vestris
1341 4308 1381 4369 ad
1413 4311 1466 4370 tri-

199 4416 359 4477 butariam
392 4417 590 4478 solucionem
627 4431 727 4478 artare
760 4429 790 4477 et
821 4415 1016 4498 compellere
1048 4415 1218 4497 cepissetia,
1252 4435 1308 4496 per
1341 4414 1466 4495 hocque

196 4523 283 4605 ipsos
317 4536 511 4604 exponentes
542 4523 574 4583 iu
605 4522 672 4584 dies
709 4523 847 4604 graviter
885 4522 1095 4584 molestaretis
1138 4534 1169 4582 et
1199 4519 1467 4603 dampnificaretis

198 4629 230 4690 in
264 4649 378 4692 eorum
408 4648 537 4710 gravem
571 4628 719 4690 iniuriam
751 4642 781 4689 et
816 4629 971 4689 damnum
1004 4627 1219 4690 manifestum.
1253 4627 1361 4700 Quare
1393 4647 1467 4709 sup·

198 4737 317 4818 plicare
348 4749 498 4798 curarunt
532 4737 624 4798 nobis
657 4735 754 4796 iidem
787 4735 870 4795 cives
903 4733 1012 4811 nostri,
1038 4753 1103 4814 quo
1133 4734 1209 4816 ipsis
1233 4733 1405 4815 superinde
1427 4731 1466 4792 de

198 4857 383 4925 opportuno
415 4843 581 4925 providere
614 4842 819 4922 dignaremur
843 4839 1005 4916 remedio;
1030 4841 1134 4901 sciatis
1158 4854 1275 4917 autem,
1301 4857 1359 4900 nos
1383 4839 1467 4899 cives

196 4963 325 5012 nostros
364 4947 549 5010 huiusmodi
585 4947 778 5008 animalibus
809 4959 839 5006 et
875 4945 986 5027 spoliis
1017 4964 1128 5007 eorum
1162 4945 1290 5007 destitui
1322 4964 1378 5026 per
1410 4965 1466 5005 vos

196 5057 288 5118 nullo
314 5053 415 5116 modo
437 5054 530 5132 velle,
549 5055 655 5134 itaque
681 5051 824 5114 fidelitati
848 5063 950 5112 vestre
968 5070 1075 5111 rursus
1092 5065 1175 5113 etex
1193 5050 1465 5133 superabundanti
