3808 5792
608 583 682 640 Dec.
709 579 780 657 160,
799 581 867 643 161.
893 617 934 626 -
953 585 1006 644 Aa.
1031 596 1122 660 1519.
1487 609 1504 624 ·

833 811 920 880 leo.

345 968 419 1018 111110
441 967 517 1020 1519.
539 970 580 1022 30.
601 969 731 1023 octobris.
752 968 849 1022 Ralae.

240 1095 347 1153 Petrus
362 1095 529 1154 Benslavie‘
545 1094 754 1170 magestratum
776 1099 904 1157 civitatis
920 1108 1014 1174 rogat,
1031 1107 1066 1156 set
1071 1101 1238 1174 petitionem
1254 1097 1376 1162 llh'colei
1391 1101 1510 1178 Zemlej

687 1221 775 1278 quam
788 1204 918 1277 perierunt
941 1205 1061 1264 decidat.

346 1340 475 1402 Providi
499 1354 530 1402 et
555 1341 787 1424 circumspecti,
812 1343 906 1406 nobis
930 1343 1049 1424 dilecti,
1074 1344 1220 1408 salutem.
1247 1344 1354 1408 Habet
1386 1359 1505 1410 certam

240 1467 367 1510 causam
391 1448 473 1510 inter
498 1467 555 1510 vos
579 1449 727 1530 egregius
751 1449 904 1512 Nicolaus
929 1451 969 1512 de
993 1450 1143 1529 Zemche,
1167 1449 1272 1516 affinis
1293 1450 1506 1516 etfamiliaris

240 1566 355 1632 noster,
380 1572 442 1636 que
467 1555 499 1616 in
523 1554 599 1616 sede
622 1567 710 1616 vetra
735 1555 905 1618 deberetur
929 1556 1044 1619 discuti
1069 1570 1100 1619 et
1117 1557 1265 1638 revideri,
1284 1578 1381 1640 quare
1399 1559 1505 1641 requi·

238 1660 337 1722 rimus
360 1679 417 1722 vos
439 1673 471 1722 et
494 1661 586 1722 vobis
609 1660 712 1724 eciam
736 1661 978 1742 committimus,
1002 1676 1036 1725 ut
1061 1663 1093 1724 in
1118 1682 1184 1726 uno
1215 1664 1354 1726 termino
1378 1683 1505 1747 compe·

238 1766 326 1845 tenti,
350 1765 389 1828 de
413 1766 481 1828 iure
505 1779 630 1830 servato
655 1779 687 1830 et
709 1767 878 1846 servande,
902 1769 1004 1851 ipsam
1038 1789 1167 1834 causam
1199 1769 1381 1834 discuciatis
1404 1783 1434 1832 et
1458 1790 1506 1832 re-

237 1872 369 1934 sideatis
393 1885 424 1934 et
439 1893 537 1955 penes
554 1873 710 1936 iudicium
726 1873 869 1937 fiendum
887 1876 1110 1940 omnimodam
1136 1877 1239 1940 eciam
1251 1875 1504 1940 satisfaccionem

238 1978 440 2060 impendatis.
464 1978 564 2042 Aliud
588 1979 681 2044 nullo
705 1981 804 2042 modo
828 1979 932 2044 facere
956 1983 1158 2064 presumatis.
1191 1984 1238 2046 Ex
1264 1984 1373 2063 Rassa,
1402 1983 1505 2046 domi-

238 2084 311 2147 nico
335 2085 386 2147 die
403 2085 551 2168 proximo
568 2099 640 2148 ante
658 2084 774 2148 festum
788 2088 934 2150 omnium
952 2101 1147 2152 sanctorum.
1161 2093 1257 2151 Anno
1271 2089 1395 2154 domini
1413 2111 1505 2172 1519.

762 2193 874 2255 Petrus
917 2194 1088 2277 episcopus
1121 2195 1254 2258 ecclesie
1287 2195 1505 2278 wesprimien-

765 2299 818 2378 sis,
843 2299 946 2363 banus
970 2313 1029 2362 stc.

341 2403 372 2461 (n
392 2403 489 2468 tergo.)
510 2404 658 2468 Providis
681 2418 712 2466 et
737 2404 974 2487 circumspectis
997 2405 1096 2486 judici
1120 2420 1151 2468 et
1174 2405 1285 2488 juratis
1309 2407 1432 2470 civibus
1457 2407 1499 2469 ci·

237 2507 342 2570 vitatis
367 2511 656 2593 Montisgrecensis‚
682 2512 775 2574 uobis
799 2511 935 2576 dilectis.

341 2650 478 2715 originale
498 2653 524 2704 in
544 2653 641 2706 charta.
661 2655 682 2704 Α
701 2657 779 2718 tergo
806 2653 964 2717 impressum
998 2659 1039 2705 est
1058 2653 1184 2719 sigillum.
1214 2650 1244 2705 ln
1264 2653 1362 2709 archiv.
1382 2655 1427 2708 llb.
1447 2669 1502 2722 reg.

236 2739 284 2790 civ.
305 2741 411 2804 zagrab.

826 2935 907 3001 161.

340 3094 417 3142 Anno
440 3091 514 3146 1519.
535 3093 576 3143 28.
598 3092 727 3145 octobris.
747 3079 868 3146 Casmse.

236 3217 343 3293 Seinon,
379 3222 524 3293 episcopus
557 3221 762 3296 eagrabiensis,
799 3240 896 3279 coram
930 3225 1057 3297 capetulo
1093 3224 1235 3283 lesinensi
1271 3221 1503 3282 intercessionem

227 3326 308 3398 facit
328 3333 429 3383 centra
452 3327 608 3400 capitulum
638 3327 834 3400 sagrabiense,
864 3329 943 3402 quod
969 3329 1137 3388 documenta
1166 3313 1308 3404 qu'aedam
1338 3330 1502 3387 necessaria

603 3451 640 3490 ex
662 3433 792 3491 archivio
814 3435 844 3490 ei
862 3434 943 3491 edere
966 3453 1024 3494 non
1052 3431 1126 3495 vult.

339 3573 406 3633 Nos
438 3573 614 3655 capitulum
648 3573 780 3636 ecclesie
815 3573 1019 3637 chasmensis.
1050 3575 1206 3638 Memoris
1237 3571 1504 3636 commendamus

233 3698 288 3760 per
311 3692 484 3761 presentes,
509 3679 599 3761 quod
622 3680 909 3742 reverendissimus
934 3681 965 3742 in
991 3680 1121 3743 Christo
1154 3694 1243 3764 pater
1276 3693 1307 3741 et
1339 3679 1502 3758 dominus,

233 3784 385 3846 dominus
410 3785 523 3847 Simon
547 3786 716 3868 episcopus
739 3787 872 3849 ecclesie
897 3788 1122 3868 zagrabiensis,
1139 3787 1291 3850 dominus
1308 3799 1338 3848 et
1362 3785 1501 3868 prelatus

232 3905 340 3953 noster
363 3892 627 3972 graciosissimus,
651 3905 792 3954 nostram
826 3894 1037 3975 personaliter
1068 3894 1201 3956 veniens
1236 3893 1268 3954 in
1300 3891 1500 3975 presenciam

232 4017 287 4080 per
311 3998 446 4060 modum
471 3999 714 4080 protestacionis
737 4019 773 4061 ac
796 4000 902 4082 gravis
926 3999 1056 4082 querele
1080 3999 1175 4062 nobis
1195 3998 1374 4081 significare
1393 4011 1424 4060 et
1446 3998 1502 4060 de·

232 4118 338 4186 tegere
363 4105 485 4165 curavit
509 4104 541 4165 in
566 4104 651 4166 hunc
676 4105 827 4167 modurn:
854 4105 992 4186 qualiter
1018 4105 1225 4168 honorabiles
1256 4103 1381 4167 domini
1415 4105 1499 4186 capi·

230 4211 335 4272 tulum
360 4209 491 4271 ecclesie
515 4211 740 4292 zagrabiensis,
765 4212 903 4273 nescitur
926 4232 990 4294 qua
1022 4212 1160 4291 racione,
1185 4211 1358 4274 nonnullas
1388 4211 1521 4273 literas·

231 4331 261 4379 et
284 4315 419 4378 literalis
437 4317 647 4380 instrumenta
664 4316 784 4379 factum
813 4318 1011 4380 diversarum
1024 4319 1275 4400 possessionum,
1293 4315 1502 4400 porcionum·

232 4443 305 4505 que,
330 4442 389 4484 nec
414 4441 478 4483 non
502 4422 690 4505 prediorum
714 4423 918 4505 aliorumque
941 4426 1102 4486 bonorum
1135 4437 1166 4487 et
1197 4423 1315 4506 jurium
1348 4421 1499 4504 possessi-

233 4529 419 4592 onariorum
444 4529 545 4611 ipsius
576 4529 700 4591 dornini
737 4529 994 4592 reverendissimi
1030 4543 1061 4592 et
1097 4530 1229 4591 ecclesie
1264 4547 1320 4590 sue
1356 4527 1501 4610 predicte

233 4649 402 4716 tangentes
415 4647 446 4696 et
460 4649 699 4714 concernentes,
713 4635 876 4716 signanter
888 4649 996 4697 autem
1010 4635 1118 4697 literas
1134 4633 1162 4718 (c
1173 4655 1191 4696 a
1201 4655 1218 4697 e
1227 4648 1265 4696 te
1276 4635 1333 4696 ris
1356 4653 1459 4716 supe
1472 4654 1500 4695 r-

230 4741 330 4803 fluis
347 4741 559 4823 exmissis)
583 4741 615 4804 in
641 4741 781 4803 sacristia
805 4742 872 4804 sive
904 4742 1143 4804 conservatorio
1176 4739 1353 4803 eorundem
1383 4739 1502 4802 locatas

230 4835 289 4910 seu
313 4847 428 4926 locata,
452 4847 571 4930 quibus
593 4847 680 4909 idem
711 4847 863 4909 dominus
887 4847 1172 4909 reverendissimus
1203 4867 1263 4930 pro
1296 4845 1438 4908 tuicione
1470 4859 1501 4908 et

233 4953 421 5016 defensione
445 4953 563 5034 jurium
587 4973 719 5015 suorum
744 4967 775 5015 et
798 4953 930 5016 ecclesie
963 4973 1018 5015 sue
1043 4973 1167 5015 summe
1193 4952 1275 5015 foret
1292 4953 1500 5030 necessarius,

231 5060 270 5121 ad
308 5059 493 5142 frequentes
528 5075 558 5122 et
597 5060 778 5142 sepissimas
814 5061 990 5142 peticiones
1025 5073 1056 5122 et
1090 5059 1320 5142 requisiciones
1355 5058 1499 5121 eiusdem
