3900 5804
736 549 853 608 Statuta
879 551 1170 634 lffraebeudamomm.
1522 567 1584 628 307

321 777 537 858 zagrabiensis
561 776 601 838 ad
626 777 905 858 conpulsationem
928 775 1044 839 factam
1069 776 1253 858 congregati
1277 776 1309 837 in
1334 775 1467 836 ecclesia
1485 774 1584 836 sancti

322 881 474 964 Stephani
511 881 777 964 prothomartiris,
810 884 954 944 unanimi
990 895 1065 944 voto
1101 883 1327 944 concluserunt
1361 882 1393 942 in
1429 881 1585 942 electione

321 988 443 1066 decani,
469 988 557 1069 quod
582 989 854 1069 quandocumque
878 988 1018 1050 decanus
1052 1008 1163 1050 eorum
1195 988 1290 1049 alicui
1324 1007 1360 1048 ex
1393 987 1438 1047 eis
1461 985 1584 1067 aliquid

320 1093 521 1157 mandaverit
544 1114 602 1177 pro
627 1094 763 1156 utilitate
787 1095 1037 1174 communitatis,
1055 1107 1086 1156 et
1109 1094 1295 1174 neglexerit,
1313 1105 1427 1153 extunc
1446 1111 1484 1152 eo
1502 1089 1586 1152 facto

321 1200 462 1281 privetur
486 1200 648 1261 consortio
672 1213 704 1262 et
727 1200 935 1281 proventibus
956 1198 1133 1281 hucusque,
1158 1219 1327 1280 quousque
1362 1196 1586 1260 communitati

323 1305 478 1386 placuerit
502 1317 533 1366 et
557 1305 690 1385 decano,
715 1319 747 1366 et
769 1306 909 1368 eundem
934 1307 1074 1388 potuerit
1096 1306 1232 1388 placare.

432 1500 574 1558 Predictis
600 1503 685 1575 penis
716 1501 871 1576 descriptis,
902 1509 1063 1576 sequuntur
1099 1504 1251 1575 euangelia
1289 1510 1417 1576 quatuor
1443 1502 1588 1581 euangeli-

321 1613 432 1664 starum
453 1615 616 1681 superque
628 1607 673 1681 fit
692 1614 721 1663 et
734 1614 888 1679 prestatur
908 1609 1106 1668 iuramentum.

426 1747 544 1805 Initium
566 1750 662 1806 sancti
678 1750 824 1823 evangelii
843 1749 996 1808 secundum
1013 1750 1192 1827 Jahanrrem.

429 1869 463 1930 ln
488 1870 646 1953 principio
671 1886 738 1933 erat
762 1873 895 1933 verbum
919 1885 978 1934 etc.
1002 1871 1136 1969 (Johqc.
1161 1871 1183 1933 l.
1208 1893 1236 1934 v.
1267 1869 1395 1952 1—14.)

428 2009 546 2070 Initium
569 2017 664 2072 sancti
683 2017 829 2088 euangelii
847 2016 998 2073 seeundum
1030 2016 1192 2092 Matheum,
1216 2023 1280 2090 cap.
1306 2016 1331 2075 I.

428 2135 524 2196 Liber
545 2137 761 2218 generationis
798 2137 889 2198 lhesu
922 2137 1053 2217 Christi,
1085 2150 1144 2200 etc.
1169 2136 1280 2220 (blath.
1305 2157 1332 2199 c.
1357 2137 1379 2199 l.
1403 2157 1432 2198 v.
1463 2133 1589 2216 1-16.)

428 2257 595 2321 Secundum
618 2263 765 2338 Marcum,
789 2272 849 2337 cap.
875 2265 964 2325 XVI.
987 2283 1036 2321 seu
1060 2265 1167 2321 ultim.

434 2383 710 2446 Recumbentibus
732 2385 883 2447 undecim
907 2385 1072 2467 discipulis
1094 2385 1242 2467 apparuit
1265 2384 1329 2446 illis
1352 2397 1410 2447 etc.
1428 2383 1538 2466 (Marc.
1562 2403 1589 2445 c.

431 2488 515 2551 XVI.
539 2510 569 2551 v.
600 2489 759 2573 rap-20.)

429 2612 589 2673 Secundum
612 2617 731 2688 lucam,
754 2619 882 2692 capitula
901 2619 1009 2692 pruna.

432 2735 506 2798 Fuit
529 2737 561 2798 in
585 2737 699 2800 diebus
723 2739 863 2801 Herodis
886 2739 969 2820 regis
994 2751 1053 2801 etc.
1078 2737 1168 2821 (Luc.
1193 2758 1219 2800 c.
1244 2738 1266 2800 l.
1289 2759 1318 2800 v.
1346 2737 1475 2822 5-17.)

429 2934 582 3008 Descrpu
605 2936 766 2993 iuramenta
788 2935 1057 2993 Prebenctariarum
1082 2953 1118 2993 ac
1141 2933 1244 2991 decani
1263 2951 1325 2991 cum
1342 2935 1427 3008 penis
1449 2934 1591 3006 expressis

327 3037 361 3094 de
384 3057 441 3096 nare
464 3041 641 3114 susecpciane
663 3050 690 3099 et
711 3043 887 3100 recusatione
902 3042 997 3116 officii
1009 3041 1165 3098 decanatus
1181 3048 1208 3097 et
1221 3039 1441 3098 coadiuuatione
1463 3040 1588 3114 decania,

327 3161 389 3201 cum
411 3147 567 3219 evangelcis
588 3155 696 3221 quator
716 3147 981 3222 evangelistarum:

432 3338 576 3398 Secuntur
596 3347 707 3399 statuta
731 3341 909 3398 dominorum
936 3340 1198 3399 I’rebendariorurn
1228 3341 1304 3398 alme
1325 3341 1436 3398 ecclesie
1457 3341 1594 3414 sagrabi-

328 3447 410 3520 ensis,
434 3455 462 3504 et
476 3447 575 3520 primo
597 3454 688 3520 supra
711 3447 976 3521 confraternitatem
1000 3448 1126 3521 miseriem
1149 3464 1185 3503 ac
1199 3446 1407 3520 fleredacionem
1434 3447 1597 3504 Irielcrrdini

328 3552 488 3610 corumdem
511 3553 541 3610 in
564 3552 615 3612 tec
638 3552 747 3611 uerba:

434 3741 617 3836 Adplaudem
640 3742 690 3803 dei
711 3745 919 3819 munitatentis,
934 3744 1042 3819 patris
1064 3753 1092 3803 et
1104 3746 1172 3820 filii
1192 3753 1219 3804 et
1239 3745 1360 3819 spiritus
1386 3750 1486 3805 sancti.

434 3865 487 3927 Ad
520 3865 678 3928 honorem
712 3867 852 3948 gloriose
888 3879 919 3928 et
950 3866 1138 3928 intemerate
1173 3866 1305 3948 virginis
1341 3866 1452 3943 Marie,
1483 3865 1592 3927 matris

331 3973 559 4052 misericordie,
584 3973 678 4035 etad
702 3971 841 4035 futuram
865 3984 1118 4055 perpetuamque
1143 3973 1187 4034 rei
1212 3973 1414 4035 memoriam.
1428 3972 1495 4033 Nos
1524 3971 1594 4032 uni-

331 4080 412 4140 versi
438 4078 645 4141 Prebendarii
676 4079 764 4140 chori
798 4078 929 4140 ecclesie
964 4079 1190 4160 zagrabiensis,
1221 4079 1385 4160 cupientes
1415 4097 1452 4137 ex
1485 4077 1593 4138 animo

331 4184 480 4247 laudibus
503 4184 631 4264 divinis,
655 4185 853 4266 solerciaque
878 4184 1057 4266 invigillare
1082 4185 1243 4267 ampliori,
1268 4197 1299 4246 et
1330 4197 1464 4245 matrem
1498 4183 1591 4244 mise-

332 4290 479 4369 ricordie,
503 4291 690 4371 genitricem
716 4302 827 4373 utputa
852 4290 903 4352 dei
928 4303 959 4351 et
987 4291 1110 4351 domini
1135 4291 1234 4352 nostri
1259 4290 1352 4352 lhesu
1385 4288 1516 4368 Christi,
1541 4287 1595 4349 ad-

332 4409 477 4458 vocatam
503 4409 644 4458 nostram
669 4397 758 4458 omni
782 4396 860 4458 nixu
883 4396 1042 4475 vivatiori‚
1077 4396 1330 4477 accuratiorique
1361 4393 1469 4457 officio
1501 4413 1595 4455 vene-

332 4503 404 4580 rari,
429 4516 587 4584 quatenus
622 4502 722 4584 ipsius
757 4502 983 4563 intercessione
1016 4502 1102 4583 piam
1137 4501 1222 4583 apud
1255 4501 1425 4563 dominum
1459 4499 1596 4576 lhesum,

332 4607 475 4670 eiusdem
500 4609 609 4670 matris
632 4605 745 4686 filium,
760 4606 1013 4669 misericordiam
1037 4625 1095 4688 pro
1120 4607 1236 4668 nostris
1259 4606 1409 4685 reatibus,
1443 4604 1596 4686 quemad-

334 4714 468 4776 modum
493 4713 722 4792 desideramus,
747 4712 872 4775 facilius
893 4731 1084 4775 mereamur.
1116 4710 1421 4774 Confraternitatem
1444 4723 1597 4788 nostram,

334 4839 431 4901 quam
444 4820 553 4882 multis
566 4833 638 4881 ante
662 4833 844 4901 temporum
869 4818 1044 4898 curriculis,
1068 4831 1137 4879 tum
1161 4830 1289 4900 propter
1306 4817 1472 4900 penuriam
1490 4835 1597 4877 neces·

335 4927 501 5006 sariorum,
525 4940 659 5008 tumque
683 4927 725 4987 ob
757 4926 835 4986 alias
869 4945 978 4986 causas
1008 4925 1137 5004 latebat,
1172 4937 1202 4986 et
1226 4936 1260 4985 ut
1291 4924 1333 4985 ita
1367 4923 1510 4984 dicamus
1538 4922 1597 4982 sub

335 5031 446 5092 modio
470 5031 657 5094 abscondita
681 5031 827 5112 degebat,
852 5031 883 5092 iu
909 5030 1074 5113 publicum
1099 5043 1130 5092 et
1153 5050 1248 5112 super
1272 5029 1499 5090 candelabrum
1524 5045 1597 5108 pro·

1475 5133 1493 5171 s
