3900 5804
439 695 500 776 326
857 696 943 753 Add:
966 697 1044 755 Ann.
1070 705 1159 772 1397.
1185 690 1280 772 1484.

437 943 503 986 non
526 926 692 987 curassetis
715 944 774 987 nec
798 925 949 989 curaretis
972 924 1013 986 de
1037 923 1186 1007 presenti.
1211 923 1314 1006 Super
1337 943 1403 1006 quo
1427 922 1572 985 fidelitati
1596 937 1701 985 vestre

437 1029 570 1092 firmiter
614 1031 826 1114 precipientes
872 1029 1074 1111 mandamus,
1121 1042 1280 1112 quatenus
1333 1029 1440 1092 habita
1497 1029 1699 1112 presencium

412 1161 417 1170 ·
437 1135 555 1198 noticia
579 1137 674 1198 rebus
696 1137 741 1198 sic
762 1157 796 1199 se
820 1135 947 1214 habitis,
972 1137 1059 1217 ipsos
1081 1136 1210 1217 triginta
1232 1155 1286 1197 sex
1310 1137 1409 1198 boves
1439 1155 1476 1197 ac
1505 1149 1569 1197 tres
1599 1155 1701 1216 equos

437 1241 558 1303 eisdem
582 1241 809 1324 jobagionibus
832 1241 991 1303 dictorum
1024 1242 1144 1303 civium
1175 1255 1358 1304 nostrorum
1389 1241 1522 1303 reddere
1553 1254 1585 1302 et
1610 1241 1700 1302 resti-

437 1361 525 1409 tuere
550 1347 703 1428 debeatis,
728 1349 783 1430 qui
808 1349 833 1410 si
857 1347 1005 1428 feceritis,
1024 1349 1104 1409 bene
1129 1348 1273 1430 quidem,
1296 1347 1443 1429 alioquin
1468 1348 1700 1409 committimus

436 1452 523 1516 fideli
547 1469 656 1516 nostro
681 1454 833 1536 magistro
859 1455 1021 1533 Ladislao‚
1044 1453 1111 1516 filio
1136 1455 1227 1516 Pauli
1257 1454 1298 1514 de
1323 1453 1418 1532 Gara,
1450 1468 1486 1516 ut
1514 1454 1581 1536 ipse
1612 1473 1699 1515 conr-

437 1573 524 1642 perta
548 1560 636 1642 prius
659 1561 848 1623 omnimoda
873 1562 1016 1640 veritate,
1041 1561 1136 1622 vestri
1161 1580 1198 1622 ex
1231 1573 1320 1643 parte
1340 1560 1528 1622 omnimode
1559 1559 1699 1622 satisfac·

436 1665 538 1727 cionis
575 1679 607 1728 et
646 1667 768 1729 iusticie
805 1666 1080 1748 complementum
1115 1666 1265 1728 exhibere
1300 1679 1332 1728 et
1367 1665 1553 1748 impendere
1591 1679 1699 1728 nostre

437 1772 611 1834 Maiestatis
636 1772 668 1833 in
693 1792 828 1855 persona
851 1773 976 1835 debeat.
1002 1772 1167 1834 Presentes
1203 1785 1275 1855 post
1308 1771 1462 1834 lecturam
1494 1771 1585 1833 reddi
1609 1772 1698 1832 iube-

436 1897 508 1940 mus
532 1879 713 1961 pressntati.
741 1878 861 1940 Datum
895 1879 928 1940 in
964 1879 1156 1960 Somogwar
1187 1875 1266 1939 feria
1299 1878 1411 1959 quinta
1446 1878 1592 1960 proxima
1625 1891 1699 1938 ante

436 1982 633 2045 dominicam
658 1983 885 2047 Reminiscere.
910 1987 1008 2045 Anno
1037 1983 1161 2045 domini
1180 1982 1303 2046 MCCC
1321 1983 1532 2064 nonagesimo
1551 1985 1700 2066 septimo.

542 2105 678 2172 originale
698 2107 724 2158 in
744 2107 842 2159 charta.
862 2105 889 2157 lu
910 2107 1027 2172 margine
1047 2106 1166 2158 inferiori
1186 2106 1343 2171 inpressum
1363 2110 1404 2157 est
1423 2106 1550 2172 sigillum.
1569 2105 1596 2157 ln
1615 2106 1700 2157 archi·

435 2196 479 2246 vio
499 2195 545 2246 lib.
565 2209 620 2260 reg.
641 2195 690 2248 civ.
710 2197 816 2262 zagrab.

539 2653 615 2706 Anno
638 2653 714 2709 1484.
733 2654 888 2721 Zagrabiae.

441 2781 607 2854 Grpitulum
629 2785 693 2840 eccl.
718 2784 837 2857 angrab.
869 2785 1007 2843 crabbus
1040 2785 1209 2842 monasterii
1236 2785 1297 2844 ord
1338 2783 1541 2840 Cistercitensis
1576 2785 1697 2856 sogrnb.

427 2895 517 2960 pacto
538 2891 721 2964 conveniunt,
746 2898 780 2947 ut
800 2893 920 2948 macella
942 2893 1067 2949 claustri
1086 2893 1283 2966 reformentur
1303 2898 1332 2946 et
1352 2889 1489 2946 orbatum
1504 2889 1571 2964 sim
1586 2888 1699 2964 capitu·

707 2998 781 3054 laris
803 3016 822 3052 a
845 2998 953 3054 civibus
975 2998 1087 3055 abbatis
1109 2997 1236 3070 capitulo
1258 2997 1422 3056 exolvatur.

538 3134 635 3208 Quod
660 3135 945 3196 reverendissimus
968 3156 1004 3197 ac
1030 3136 1228 3196 venerabiles
1252 3135 1388 3213 domini,
1421 3133 1581 3216 Georgius
1614 3137 1697 3217 epis-

434 3258 534 3320 copus
557 3241 740 3302 rosonensis
764 3261 799 3302 ac
825 3240 1048 3322 suffraganeus
1072 3255 1102 3303 et
1125 3242 1298 3302 canonicus
1322 3240 1454 3301 ecclesie
1471 3241 1697 3320 zagrabiensis‚

435 3345 559 3407 Blasius
584 3347 785 3409 decretorum
810 3348 922 3409 doctor
944 3349 984 3409 de
1009 3347 1156 3426 Kemlelr,
1181 3345 1362 3428 Stephanus
1384 3345 1569 3426 goricensis‚
1594 3345 1696 3408 Geor-

432 3452 505 3530 gius
529 3453 567 3512 de
593 3453 703 3532 Bexin,
728 3454 864 3515 vicarius
888 3455 920 3515 in
944 3454 1164 3536 spiritualibus
1195 3452 1352 3536 generalis
1376 3471 1411 3513 ac
1443 3451 1561 3513 Paulus
1592 3471 1697 3514 varas-

434 3557 564 3638 diensis‚
587 3560 804 3622 archidiaconi
836 3575 867 3622 et
898 3561 1044 3622 canonici
1077 3561 1221 3622 eiusdem
1253 3559 1386 3621 ecclesie
1417 3559 1631 3640 zagrabiensis
1662 3559 1695 3620 in

434 3663 576 3745 ipsorum
601 3685 637 3727 ac
657 3667 761 3728 tocius
784 3667 915 3748 capituli
940 3667 1084 3729 eiusdem
1110 3666 1241 3740 ecclesie
1258 3665 1472 3747 zagrabiensis
1495 3664 1639 3746 personis
1655 3667 1696 3726 ab

434 3789 497 3830 una
521 3783 552 3831 et
575 3771 727 3834 dominus
750 3770 845 3834 frater
870 3773 981 3836 Petrus
998 3775 1095 3836 abbas
1116 3771 1300 3835 monasterii
1325 3773 1416 3833 beate
1441 3771 1539 3832 Marie
1564 3770 1697 3851 virginis

433 3875 588 3956 Zagrabie
612 3876 747 3958 fundati,
772 3879 991 3942 Cisterciensis
1014 3879 1147 3956 ordinis,
1168 3879 1208 3940 ab
1231 3879 1340 3957 altera,
1363 3897 1471 3939 coram
1508 3875 1601 3937 nobis
1624 3894 1696 3958 per-

433 3983 585 4045 sonaliter
607 3985 770 4046 constituti
802 4005 859 4068 per
893 3986 978 4067 ipsos
1010 3986 1077 4068 pari
1109 3985 1274 4047 voluntate
1309 3981 1491 4046 confessum
1526 3981 1629 4042 extitit
1661 3982 1695 4042 in

432 4089 517 4150 hunc
542 4090 695 4151 modum:
720 4090 808 4173 quod
840 4091 913 4152 licet
945 4092 1026 4152 inter
1055 4090 1233 4173 predictum
1266 4089 1440 4173 capitulum
1474 4102 1506 4150 et
1535 4085 1694 4169 prefatum

433 4194 603 4256 dominum
628 4197 757 4258 Petrum
779 4200 928 4260 abbatem
953 4198 1081 4259 racione
1105 4211 1136 4260 et
1166 4210 1310 4279 pretextu
1341 4194 1467 4256 macelli
1500 4213 1556 4275 per
1588 4194 1694 4275 ipsum

433 4300 609 4381 capitulum
634 4302 667 4362 in
691 4323 764 4364 area
790 4304 932 4385 ipsorum
957 4303 1123 4385 capitulari
1141 4302 1267 4363 noviter
1283 4299 1441 4383 preparati
1466 4319 1501 4360 ac
1525 4299 1636 4360 tributi
1654 4298 1694 4360 de

433 4406 555 4467 civibus
580 4407 678 4489 ipsius
702 4408 825 4470 domini
850 4410 934 4470 Petri
957 4409 1080 4470 abbatis
1105 4409 1258 4489 Zagrabie
1284 4406 1559 4468 commorantibus
1575 4417 1607 4466 et
1630 4404 1694 4466 exi-

432 4492 588 4574 stentibus
624 4514 749 4596 ipsique
774 4515 914 4596 capitulo
950 4515 1096 4577 debentis
1124 4513 1230 4596 gravis
1261 4511 1531 4575 controversionis
1561 4511 1694 4572 materia

432 4631 518 4679 mota
543 4617 638 4680 fuerit
660 4639 695 4680 ac
718 4620 861 4701 pululata
886 4621 1023 4682 extiterit
1046 4641 1083 4681 ex
1107 4639 1156 4699 e0,
1174 4619 1262 4700 quod
1279 4617 1501 4680 macellatores
1513 4636 1568 4678 seu
1592 4617 1693 4677 carni·

432 4723 505 4786 ficas
528 4725 702 4807 pretitulati
727 4726 802 4787 dicti
828 4727 910 4788 Petri
935 4727 1059 4788 abbatis
1077 4727 1106 4787 in
1127 4725 1269 4787 macellis
1286 4725 1398 4786 suiset
1415 4724 1491 4786 dicti
1508 4723 1693 4784 monasterii

431 4830 516 4910 juxta
541 4831 626 4892 idern
651 4833 880 4894 monasterium
905 4847 935 4893 et
959 4851 1056 4914 penes
1080 4831 1214 4893 fluvium
1240 4829 1470 4893 Medvednicza
1495 4829 1692 4912 appellatum

431 4957 466 4996 ac
489 4936 570 4997 circa
594 4937 710 5018 pedem
735 4939 841 5020 pontis
865 4939 1009 5000 eiusdem
1041 4937 1128 5000 fluvii
1155 4935 1309 4998 edificatis
1343 4950 1374 4998 et
1405 4937 1534 5014 habitis,
1558 4954 1692 5019 peccora

430 5061 536 5103 macra
560 5055 590 5104 et
614 5043 782 5105 immunda
805 5056 836 5106 et
860 5045 1057 5126 impregnata
1089 5057 1238 5120 mactare,
1271 5043 1410 5125 ipsisque
1444 5041 1584 5104 dominis
1616 5041 1691 5103 dicti

431 5150 562 5234 capituli
587 5169 622 5210 ac
660 5151 760 5212 eciam
796 5151 867 5213 aliis
902 5150 1088 5211 hominibus
1123 5149 1243 5210 scilicet
1278 5147 1461 5210 domesticis
1496 5159 1527 5208 et
1561 5146 1693 5208 advenis
