3808 5792
659 551 731 612 Boc.
754 559 822 626 170.
844 583 887 594 -
909 550 967 608 Aru
990 560 1078 624 1521.
1229 631 1235 644 .
1448 565 1512 630 ²¹7

245 777 377 859 legiales
400 777 615 859 pendentibus
639 777 753 858 sigillis
776 777 892 838 nostris
916 775 1075 858 judicatus
1100 789 1131 838 et
1154 775 1394 838 communitatis
1417 777 1511 837 robs-

245 883 308 944 rari
332 881 476 944 fecimus.
501 883 620 944 Datum
645 881 722 944 feria
746 895 832 943 sexta
855 881 1006 943 videlicet
1031 882 1062 942 in
1088 879 1170 944 festo
1192 881 1386 942 inventionis
1403 893 1509 942 sancte

245 988 369 1050 Crucis.
393 991 489 1050 Anno
514 987 638 1050 domini
663 987 836 1049 millesimo
861 987 1122 1068 quingentesimo
1147 986 1305 1067 vigesimo
1329 985 1445 1068 primo,

350 1127 487 1193 originale
507 1127 533 1178 iu
551 1127 747 1180 membraneis
766 1127 874 1178 archivo
894 1127 939 1178 lib.
961 1141 1009 1192 reg
1037 1125 1154 1178 civitatis
1181 1125 1362 1191 zagrabiensis
1391 1123 1513 1190 Sigillum

241 1215 339 1298 judicis
359 1216 478 1266 avulsum
497 1215 666 1266 solummodo
686 1216 818 1280 dependet
843 1216 947 1266 sericea
971 1229 1038 1266 zona
1059 1215 1131 1265 rubri
1151 1219 1178 1264 et
1198 1214 1290 1265 viridis
1311 1213 1410 1264 coloris
1430 1227 1512 1278 peaes

249 1304 367 1370 sigillum
381 1303 585 1356 communitatis.

836 1513 920 1581 170.

349 1673 423 1723 Anno
446 1671 520 1723 1521.
540 1672 582 1724 29.
602 1671 677 1723 maii.
698 1669 795 1723 Budas.

249 1809 424 1883 Ludovicus‚
449 1808 551 1882 Hung.
578 1814 628 1868 etc.
651 1826 714 1876 rex,
739 1815 821 1866 aetat
843 1808 1014 1867 castellanis
1037 1808 1068 1864 in
1091 1803 1305 1882 Medvedgrud,
1336 1803 1511 1878 Susedgrad,

244 1913 393 1988 Samobor,
417 1913 556 1972 Rakooec
586 1914 719 1986 aliisque,
744 1931 780 1970 ne
801 1931 820 1970 a
844 1913 952 1971 civibus
981 1911 1220 1988 zagrabiensr'bus
1244 1921 1301 1986 pro
1335 1929 1427 1968 neercc
1460 1911 1511 1968 tri·

752 2019 849 2078 buttem
873 2017 1006 2097 exigant.

897 2163 1057 2218 commissio
1078 2165 1187 2229 propria
1206 2145 1304 2216 domini
1325 2162 1404 2228 regis.

350 2254 536 2316 Ludouicus
560 2253 612 2315 dei
636 2255 742 2335 gracia
766 2275 820 2316 rex
847 2254 1032 2335 Hungariae
1058 2267 1088 2315 et
1113 2252 1268 2315 Bohemie
1300 2265 1358 2315 etc.
1393 2251 1511 2313 Fideli-

244 2361 304 2421 bus
337 2360 451 2421 nostris
484 2360 621 2442 egregiis
653 2359 791 2422 lohanni
824 2361 1018 2442 Kossaczlty,
1051 2359 1218 2441 capitaneo
1250 2358 1342 2420 castri
1374 2357 1511 2436 Medwe,

245 2466 435 2545 Laurenci0,
460 2465 634 2548 Stephano,
659 2466 809 2545 iohanni,
834 2457 983 2528 E'merico
1007 2479 1038 2528 et
1062 2465 1205 2546 Georgio
1230 2464 1384 2542 Bradach,
1401 2463 1511 2526 castel-

244 2571 390 2653 lanisque
414 2584 590 2633 castrorum
615 2571 827 2634 Zomzedwar
858 2586 890 2635 et
921 2573 1093 2650 Zamobor,
1127 2571 1262 2652 aliisque
1294 2570 1450 2632 universis
1481 2582 1512 2630 et

243 2676 377 2758 singulis
401 2677 542 2738 dominis
566 2677 786 2759 spiritualibus
812 2692 843 2739 et
866 2679 1109 2760 temporalibus,
1133 2697 1259 2739 necnon
1283 2675 1457 2738 tributariis
1481 2688 1512 2737 et

243 2781 511 2844 theloniatoribus
535 2783 641 2872 ubivis
665 2783 746 2845 intra
769 2785 928 2846 ambitum
952 2785 1042 2865 regni
1066 2784 1165 2846 nostri
1190 2796 1221 2846 et
1237 2783 1380 2865 parcium
1405 2781 1511 2844 eidem

243 2889 459 2950 subiectarum
483 2908 570 2950 nunc
594 2889 777 2952 constitutis
801 2902 832 2952 et
855 2891 889 2951 in
913 2889 1056 2951 futurum
1081 2888 1324 2966 constituendis,
1350 2899 1511 2970 presentes
1583 2904 1584 2907 ’

245 2995 369 3072 visuris,
392 2994 529 3056 salutem
554 3008 585 3056 et
614 2995 765 3076 graciam.
799 2997 845 3057 Ex
876 2995 1116 3078 supplicacione
1148 2993 1294 3056 fidelium
1325 2992 1510 3054 nostrorum

244 3101 466 3162 universorum
492 3099 611 3161 civium
635 3114 666 3162 et
694 3100 945 3165 inhabitatorum
977 3101 1113 3164 civitatis
1144 3113 1251 3164 nostre
1282 3100 1400 3162 montis
1432 3098 1510 3161 Gre-

244 3206 345 3267 censis
369 3205 596 3284 intelleximus,
621 3206 709 3287 quod
735 3208 883 3288 quamvis
907 3207 966 3289 ipsi
991 3227 1029 3270 ex
1057 3207 1257 3268 libertatibus
1281 3219 1311 3268 et
1335 3205 1511 3288 privilegiis

244 3311 393 3372 divorum
417 3329 529 3396 regum
557 3311 732 3398 ilungarie,
758 3327 939 3375 nostrorum
965 3313 1085 3375 scilicet
1098 3313 1372 3395 predecessorum,
1389 3311 1510 3372 eisdem

243 3421 479 3494 concessorum,
504 3429 675 3498 nostraque
700 3419 923 3492 annuencia,a
947 3418 1113 3479 solucione
1136 3419 1329 3480 tributorum
1354 3430 1384 3478 et
1407 3415 1510 3477 thelo-

243 3542 379 3584 neorum
403 3523 543 3604 exempti
568 3523 631 3584 sint
655 3537 685 3584 et
708 3523 847 3586 libertati
880 3538 995 3602 essent,
1019 3537 1126 3585 tamen
1160 3523 1320 3600 nonnulli,
1345 3522 1509 3604 presertim

243 3630 303 3690 sub
339 3629 448 3690 castris
482 3629 694 3691 Zomzedwar
729 3643 759 3691 et
794 3631 966 3708 Zamobor,
1001 3643 1097 3711 atque
1130 3629 1252 3712 oppido
1284 3629 1444 3716 Rokonyk
1480 3641 1510 3690 et

243 3727 444 3817 possessione
468 3735 626 3814 Belowar,
651 3737 705 3817 qui
730 3751 839 3798 contra
864 3737 1021 3818 predictas
1045 3755 1157 3798 eorum
1191 3736 1353 3797 libertates
1384 3749 1415 3795 et
1446 3735 1508 3816 pri·

241 3840 357 3922 vilegia
382 3840 423 3902 ad
446 3841 647 3902 solucionem
670 3842 863 3903 tributorum
888 3855 919 3904 et
934 3841 1159 3904 theloneorum
1181 3855 1300 3904 arctare
1317 3855 1348 3903 et
1365 3842 1506 3922 compel-

242 3947 308 4008 lere
332 3947 568 4008 consuevissent
593 3939 629 4008 in‘
650 3948 862 4028 preiudicium
888 3947 1049 4010 dictorum
1076 3948 1193 4009 civium
1211 3962 1241 4010 et
1259 3947 1508 4009 inhabitatorum

245 4051 366 4135 prefate
391 4053 526 4114 civitatis
550 4067 656 4115 nostre
679 4054 798 4114 montis
823 4053 1002 4132 Grecensis,
1028 4054 1249 4135 damnumque
1266 4067 1296 4115 et
1313 4054 1508 4135 derogamen

242 4158 362 4240 jurium
387 4157 575 4220 eorumdem
600 4159 693 4220 valde
725 4179 890 4241 magnum.
914 4161 981 4220 Nos
1006 4161 1112 4240 itaque
1137 4160 1282 4221 nolentes
1313 4159 1443 4220 eosdem
1477 4160 1506 4219 in

242 4285 355 4326 eorum
380 4264 520 4344 antiquis
544 4263 753 4342 libertatibus,
770 4264 924 4346 justisque
949 4265 1071 4346 juribus
1087 4285 1143 4346 per
1160 4285 1371 4346 quoscunque
1388 4267 1507 4326 turbari

242 4383 297 4431 aut
321 4369 494 4448 molestari,
519 4389 577 4452 pro
598 4390 637 4432 eo
661 4369 868 4432 fidelitatibus
892 4371 1002 4432 vestris
1026 4383 1056 4431 et
1080 4385 1220 4432 vestrum
1246 4372 1377 4434 cuilibet
1395 4371 1506 4433 harum

241 4476 322 4537 serie
348 4473 528 4537 firmissime
552 4476 783 4538 committimus
807 4491 837 4538 et
861 4477 1063 4555 mandamus,
1081 4491 1238 4558 quatenus
1260 4476 1399 4560 prelatos
1423 4479 1508 4539 cives

242 4593 274 4642 et
297 4579 485 4662 jobagiones
509 4595 634 4643 nostros
658 4596 767 4643 contra
785 4581 921 4644 formam
941 4583 1095 4644 libertatis
1111 4583 1376 4666 etexempcionis
1392 4603 1507 4644 eorun-

242 4685 328 4764 dem,
353 4685 393 4746 ad
418 4686 619 4748 solucionem
645 4689 837 4748 tributorum
863 4688 953 4749 nullo
976 4689 1086 4767 modo,
1107 4688 1262 4770 nulloque
1286 4701 1429 4770 tempore
1455 4709 1506 4750 co-

242 4811 317 4872 gere
342 4805 373 4852 et
407 4793 612 4874 compellere,
643 4807 698 4854 aut
728 4793 799 4878 cogi
831 4807 862 4854 et
897 4794 1048 4875 compelli
1083 4795 1264 4874 permittere
1299 4795 1507 4876 presumatis3

242 4917 317 4959 nam
341 4897 485 4978 alioquin
511 4899 591 4960 serie
615 4899 815 4980 presencium
833 4897 941 4960 futuro
959 4901 1042 4961 bano
1059 4899 1134 4960 dicti
1152 4900 1241 4981 regni
1258 4901 1356 4962 nostri
1374 4901 1505 4962 Sclauo-

243 5003 295 5065 nie
331 4988 511 5066 firmissime
546 5005 786 5084 committimus,
822 5018 856 5066 ut
891 5007 957 5088 ipse
993 5005 1095 5067 dictos
1130 5005 1214 5067 cives
1251 5021 1281 5067 et
1316 5006 1505 5088 jobagioncs
