3752 5806
611 567 681 624 Dae.
698 578 750 642 49.
770 601 811 610 -
835 565 997 642 An.15od.
1397 591 1439 652 49

166 793 357 870 obtinuisse,
382 791 544 875 profectus
576 791 699 854 fueram
728 793 931 874 Zagrabiam,
958 794 1014 855 ubi
1050 795 1218 858 sollicitavi
1245 815 1359 859 omnes
1382 799 1439 860 do-

166 897 270 958 minos
295 917 388 959 meos
412 897 452 960 de
476 898 628 980 capitula,
645 899 700 960 ubi
725 898 790 959 vidi
816 917 882 960 rem
911 899 1121 982 desperatam,
1138 921 1235 964 nemo
1258 917 1324 966 erat
1341 924 1438 984 quem

164 1003 288 1065 adirem
306 1003 364 1084 qui
381 1023 439 1086 pro
456 1023 507 1064 me
524 1003 658 1066 domino
674 1004 878 1086 supplicaret,
903 1017 1028 1087 praeter
1043 1005 1251 1087 magnificum
1268 1008 1438 1071 dominum

166 1109 386 1170 Balthasarem
418 1109 457 1170 de
490 1109 666 1191 Batthyan;
696 1111 768 1172 veni
801 1111 897 1192 igitur
927 1111 968 1172 ad
992 1131 1078 1190 eum,
1103 1125 1134 1174 et
1158 1127 1300 1176 vestram
1326 1113 1437 1176 Domi-

166 1213 334 1275 nationem
364 1215 461 1276 etiam
485 1214 639 1296 deprecor
662 1227 816 1297 patronus
839 1217 878 1277 sit
902 1215 980 1278 mihi
1005 1217 1092 1298 apud
1117 1219 1304 1302 episcopum
1329 1239 1438 1301 zagra-

167 1320 326 1398 biensem,
358 1319 429 1400 juro
463 1339 629 1401 nunquam
662 1340 714 1383 me
746 1335 937 1401 negaturum
969 1320 1051 1383 hanc
1084 1324 1264 1404 pecuniam,
1295 1326 1321 1386 si
1351 1327 1436 1409 apud

167 1444 217 1486 me
245 1424 369 1504 luisset,
394 1425 471 1506 quin
495 1427 603 1508 potius
627 1426 732 1488 adhuc
755 1427 787 1488 in
812 1427 900 1488 ltalia
924 1447 998 1488 cum
1021 1447 1057 1489 ea
1079 1429 1252 1508 studerem,
1276 1431 1436 1512 siquidem

167 1531 317 1593 voluntas
352 1532 492 1613 episcopi
527 1532 743 1613 zagrabiensis
774 1551 810 1594 ea
842 1530 911 1610 luit,
942 1533 968 1594 si
1001 1535 1079 1614 quid
1113 1535 1298 1598 Dominatio
1335 1551 1436 1600 vestra

167 1637 198 1698 in
226 1657 278 1698 me
305 1638 452 1718 concepit
475 1637 542 1699 odii
568 1659 605 1698 ex
630 1637 742 1700 litteris
766 1639 853 1702 illius
877 1639 953 1700 boni
979 1639 1048 1718 viri,
1066 1639 1147 1702 illud
1171 1641 1323 1723 deponat,
1341 1645 1387 1705 nil
1403 1645 1436 1705 in

167 1759 304 1805 vestram
328 1743 591 1805 Dominationem
618 1745 775 1824 commisi,
792 1745 933 1827 prodibit
958 1745 1056 1806 semel
1081 1747 1206 1826 veritas,
1224 1761 1435 1830 cognoscetur

168 1849 272 1910 adhuc
312 1849 409 1911 etiam
453 1869 509 1931 per
543 1851 730 1932 episcopum
766 1851 1007 1932 zagrabiensem
1041 1853 1113 1932 quis
1143 1853 1259 1915 habeat
1290 1869 1320 1916 et
1350 1855 1436 1937 apud

172 1975 269 2036 quem
296 1957 360 2017 sint
384 1955 431 2017 illi
458 1977 520 2038 30⁰
543 1957 641 2018 aurei.
665 1957 774 2019 Vestra
799 1957 986 2019 Dominatio
1010 1977 1074 2019 non
1099 1977 1150 2018 me
1174 1958 1298 2022 deserat
1321 1961 1354 2022 in
1379 1961 1437 2022 hac

168 2075 387 2124 necessitate«

279 2181 450 2237 ttsrcetovit.
468 2183 593 2250 Regeeta,
613 2191 641 2237 at
660 2201 748 2251 supra.

772 2418 837 2484 49.

272 2559 349 2610 Anao
371 2559 446 2624 1506,
469 2561 492 2611 l.
510 2559 605 2612 martii.
626 2545 744 2612 Casmae.

171 2685 267 2744 Lucas
290 2689 372 2761 episc.
390 2687 510 2760 cagrab.
527 2687 648 2746 Petrum
663 2689 831 2746 cacconicum
847 2690 975 2746 lectorem
992 2690 1115 2762 capituli
1127 2690 1244 2762 sagrab.
1261 2697 1434 2747 executorem

166 2795 329 2850 testamenti
357 2794 489 2850 canonici
508 2793 603 2850 Pauli
634 2793 793 2863 Sisciensis,
816 2795 953 2850 lectoratu
983 2802 1012 2851 et
1035 2795 1207 2852 canonicatu
1224 2795 1338 2871 privat,
1363 2796 1434 2868 quiin

642 2896 740 2972 legata
762 2900 820 2958 sibi
838 2902 967 2974 sumpsit.

273 3039 378 3100 Lucas
402 3038 453 3100 dei
486 3051 517 3100 et
540 3039 716 3121 apostolice
740 3005 824 3100 sedis
846 3039 952 3119 gracia
976 3038 1146 3121 episcopus
1170 3037 1302 3100 ecclesie
1325 3057 1433 3118 zagra-

167 3144 286 3206 biensis
318 3157 378 3206 etc.
412 3145 462 3204 Ad
494 3142 635 3206 futuram
667 3145 712 3206 rei
737 3145 937 3206 memoriam.
971 3143 1074 3206 Sacris
1097 3163 1258 3205 canonum
1284 3143 1434 3205 institutis

165 3264 295 3312 cautum
328 3269 395 3311 esse
428 3249 599 3329 invenitur,
623 3251 733 3332 culpas
767 3248 954 3312 interiorum
979 3250 1018 3311 ad
1043 3249 1123 3311 nihil
1147 3249 1249 3330 magis
1272 3267 1369 3330 quam
1393 3249 1432 3310 ad

165 3355 300 3416 nimiam
334 3369 505 3433 rectorum,
528 3356 796 3438 superiorumque
826 3357 1031 3437 benignitatis
1061 3355 1339 3416 manavetudinem
1367 3355 1432 3415 sive

165 3461 407 3542 indulgenciam
446 3459 628 3522 referendas
666 3479 745 3538 esse,
777 3461 831 3542 qui
872 3460 949 3522 dum
985 3461 1193 3522 austeriorem
1233 3461 1354 3522 morbis
1386 3461 1432 3521 in-

165 3567 401 3642 valescentibus
434 3566 636 3628 dissimulant
671 3565 823 3628 adhibere
858 3566 1018 3628 medelam
1051 3580 1081 3627 et
1116 3565 1247 3646 regendi
1283 3565 1433 3647 frangunt

164 3673 387 3734 auctoritatem
422 3685 452 3733 et
475 3672 687 3754 perniciosam
712 3691 787 3753 sepe
811 3673 892 3733 inter
916 3673 1025 3733 ovium
1049 3691 1162 3752 greges
1186 3685 1307 3753 pestem
1331 3672 1432 3733 sevire

164 3779 365 3859 permittunt.
391 3778 475 3838 Hinc
499 3790 555 3855 est,
580 3776 668 3858 quod
693 3796 794 3858 quum
818 3777 899 3838 inter
923 3777 1009 3837 varia
1026 3776 1283 3858 multimodaque
1300 3776 1431 3838 scelesta

166 3881 320 3961 facinora,
343 3903 405 3964 que
430 3883 469 3944 de
495 3882 668 3965 Stephano,
693 3883 775 3944 dicte
800 3883 932 3944 ecclesie
952 3895 1058 3944 nostre
1083 3883 1298 3962 zagrabiensis
1313 3883 1431 3944 lectore

167 3999 197 4050 et
230 3989 399 4068 canonico,
423 4007 488 4050 non
519 3989 588 4050 sine
611 4007 730 4070 magno
762 3989 861 4050 animi
895 3989 993 4050 nostri
1019 3987 1131 4049 dolore
1160 4001 1190 4049 et
1214 3987 1431 4069 displicencia,

166 4113 295 4156 rumore
317 4095 480 4156 communi
500 4093 674 4172 deferente,
689 4095 799 4177 paucis
823 4107 894 4156 ante
917 4095 1031 4155 diebus
1049 4094 1080 4154 in
1097 4094 1263 4176 publicum
1280 4094 1431 4172 exierant,

165 4201 287 4263 crimen
328 4221 458 4282 quoque
507 4201 660 4283 sacrilege
705 4201 912 4263 oblacionum
949 4199 1174 4261 defunctorum
1215 4199 1430 4280 quorumdam

165 4305 376 4386 detensionis,
400 4327 436 4370 ac
466 4306 581 4369 furtive
613 4307 674 4369 sibi
707 4307 766 4389 ipsi
798 4307 1030 4390 usurpacionis‚
1058 4306 1208 4388 precipue
1233 4305 1431 4368 honorabilis

165 4413 304 4474 condam
325 4413 415 4475 Pauli
440 4415 546 4496 Zyzelr
572 4414 717 4476 canonici
742 4413 826 4476 dicte
851 4414 983 4475 ecclesie
1008 4413 1234 4493 zagrabiensis,
1252 4412 1342 4472 cuius
1359 4429 1430 4471 exe·

164 4533 256 4580 cutor
285 4521 543 4581 testamentarius
574 4520 655 4582 inter
686 4519 767 4580 alios
794 4519 965 4600 deputatus
988 4517 1101 4595 fuerat,
1125 4517 1165 4578 ad
1190 4536 1248 4578 nos
1272 4515 1429 4598 perlatum

164 4621 291 4700 fuisset,
309 4625 397 4706 quod
420 4623 550 4706 nephas,
567 4625 722 4706 quoniam
746 4623 817 4686 aliis
841 4623 906 4686 fere
923 4625 1073 4684 omnibus
1094 4623 1267 4684 sceleribus
1284 4622 1429 4682 abhomi-

164 4731 305 4793 nabilius
341 4744 372 4792 et
403 4731 528 4812 turpius
560 4731 696 4792 maxime
729 4731 761 4792 in
793 4730 1011 4791 sacerdotibus
1042 4729 1093 4790 dei
1127 4729 1241 4804 existit,
1275 4747 1338 4787 non
1372 4745 1429 4808 po-

162 4836 283 4897 tuimus
315 4835 443 4915 adduci,
464 4836 540 4916 quia
572 4836 658 4898 iuxta
686 4836 821 4896 verbum
852 4835 1052 4896 dominicum
1084 4833 1124 4894 ad
1158 4833 1368 4894 revidendum
1399 4846 1430 4894 et

164 4942 426 5020 examinandum,
449 4943 474 5002 si
499 4941 531 5002 id
555 4961 650 5024 opere
675 4942 893 5024 compleverit,
919 4941 1205 5002 descendisssmus.
1235 4938 1430 5000 Convocatis

164 5049 269 5130 itaque
295 5047 447 5109 fratribus
470 5048 595 5127 nostris,
613 5048 777 5128 utriusque
802 5047 930 5129 capitoli
958 5047 1054 5106 nostri
1080 5046 1284 5106 ecclesiarum
1310 5044 1430 5105 scilicet

1302 5173 1323 5228 ,4
