3732 5802
414 561 473 620 166
825 559 899 619 Dec.
924 571 992 634 132.
1016 592 1059 602 -
1083 559 1141 618 An.
1167 558 1255 634 1516.

576 669 581 674 .
603 668 684 674 -....-.
703 665 991 672 .-...-...-—.—..—
1314 667 1678 679 *ὴ-

410 791 595 874 apostolicis
618 791 651 852 in
675 789 829 852 omnibus
852 800 884 850 et
906 807 963 870 per
988 787 1099 849 omnia
1137 788 1372 872 obtemperare,
1403 790 1529 870 scrinia,
1561 790 1680 871 thecas,

408 897 571 960 manualia
596 911 627 959 et
650 895 853 979 prothocolla
877 907 984 956 nostra
1008 907 1039 956 et
1063 893 1197 957 ecclesie
1221 908 1328 956 nostre
1353 895 1524 978 diligenter
1548 898 1679 980 perqui-

409 1016 514 1066 rentes
536 1004 568 1064 in
594 1005 661 1086 ipsa
690 1001 824 1064 ecclesia
856 1013 963 1063 nostra
996 1001 1207 1083 zagrabiensi,
1239 1002 1412 1064 nonnullas
1443 1004 1614 1086 scripturas
1649 1017 1681 1066 et

408 1111 539 1191 registra
563 1109 595 1172 in
614 1108 808 1192 quibusdam
825 1106 915 1168 libris
931 1106 1063 1168 ecclesie
1080 1107 1113 1168 in
1132 1126 1328 1189 pergameno
1344 1109 1469 1191 scriptis
1486 1122 1517 1172 et
1534 1108 1680 1192 prolecto

407 1216 482 1278 satis
505 1215 738 1294 vetustissimis,
758 1233 825 1275 uno
848 1213 998 1274 videlicet
1022 1213 1188 1295 capitulari
1213 1213 1277 1276 alio
1302 1215 1464 1296 psalterio,
1478 1216 1568 1278 libris
1592 1217 1681 1278 voci-

408 1323 491 1400 tatis,
516 1322 670 1403 qnodque
694 1340 751 1403 pre
775 1331 931 1381 vetustate
955 1319 1099 1400 ipsorum
1123 1319 1176 1379 vix
1199 1319 1354 1402 scriptura
1370 1321 1434 1402 legi
1452 1321 1562 1383 debito
1578 1322 1680 1384 modo

409 1440 524 1512 potest,
559 1428 641 1490 inter
674 1427 752 1490 alias
791 1425 985 1508 multiplices
1009 1425 1188 1505 signaturas
1216 1437 1247 1486 et
1279 1427 1495 1489 memorialia
1513 1426 1612 1490 factas
1639 1428 1679 1490 de

407 1547 510 1596 morte
533 1534 758 1617 episcoporum
783 1546 814 1596 et
837 1531 1066 1594 canonicorum
1091 1530 1223 1592 ecclesie
1240 1531 1455 1613 zagrabiensis
1479 1534 1621 1616 predicte
1647 1549 1679 1597 et

409 1641 543 1703 aliarum
568 1639 810 1722 magnificarum
834 1659 1043 1721 personarum
1068 1657 1127 1700 nec
1151 1657 1217 1699 non
1240 1637 1343 1699 eciam
1367 1638 1407 1700 de
1430 1641 1528 1720 gestis
1551 1642 1678 1703 notabi-

409 1748 493 1808 libus
517 1747 549 1808 in
573 1765 673 1828 regno
697 1744 797 1824 factis,
821 1743 1005 1807 huiusmodi
1031 1744 1210 1826 signaturas
1226 1745 1414 1828 reperimus,
1431 1765 1529 1807 unam
1552 1746 1585 1808 in
1611 1747 1680 1829 ipso

334 1913 337 1920 .
410 1853 493 1914 libro
516 1851 656 1936 psalterii
681 1851 740 1913 sub
765 1851 823 1914 hac
847 1849 968 1913 forma:
994 1851 1056 1912 Hic
1079 1849 1160 1912 obiit
1185 1849 1336 1912 dominus
1368 1851 1497 1930 Paulus,
1522 1852 1680 1914 archidia-

410 1979 510 2022 conus
542 1958 766 2037 kamarcensis,
791 1958 845 2040 qui
878 1958 997 2040 legavit
1028 1955 1248 2040 prebendariis
1281 1956 1371 2018 chori
1406 1958 1539 2020 ecclesie
1571 1978 1680 2040 zagra-

410 2066 529 2128 biensis
553 2065 705 2127 balneum
730 2079 892 2125 muratum
925 2065 958 2125 in
994 2064 1199 2146 possessione
1228 2062 1436 2125 dominorum
1468 2064 1508 2126 de
1540 2065 1682 2148 capitulo

410 2171 554 2234 habitum
578 2171 660 2234 circa
694 2169 829 2232 fluvium
853 2181 884 2231 et
907 2189 1006 2231 unam
1031 2171 1150 2231 bonam
1175 2169 1303 2230 vineam
1337 2170 1419 2232 circa
1442 2185 1589 2233 sanctum
1624 2172 1680 2255 Sy·

411 2291 540 2340 monem
565 2291 596 2340 et
618 2295 720 2339 unum
746 2275 928 2338 breviarum
953 2295 1049 2338 suum
1073 2277 1206 2337 bonum.
1231 2279 1328 2336 Anno
1356 2275 1481 2338 domini
1506 2277 1681 2340 millesimo

410 2385 634 2446 trecentesimo
658 2381 858 2465 sexagesimo
881 2395 981 2460 sexto,
1005 2382 1037 2443 in
1067 2380 1148 2443 festo
1179 2381 1327 2444 omnium
1359 2397 1543 2446 sanctorum
1582 2421 1619 2429 —
1648 2385 1681 2448 ln

411 2489 475 2552 alio
499 2509 575 2551 vero
599 2488 683 2551 libro
708 2488 874 2570 capitulari
900 2487 1001 2549 eciam
1034 2487 1258 2550 continebatur
1290 2487 1431 2570 quedam
1463 2489 1621 2572 scriptura
1652 2503 1682 2553 et

410 2597 584 2677 signatura,
608 2614 671 2676 que
693 2615 749 2677 pre
783 2606 938 2655 vetustate
970 2606 1001 2655 et
1033 2593 1145 2654 iterata
1176 2592 1361 2675 illigacione
1393 2595 1492 2676 ipsius
1516 2595 1591 2658 libri
1619 2597 1681 2678 legi

410 2701 545 2765 omnino
582 2719 647 2762 non
683 2711 817 2782 poterat,
851 2718 963 2760 verum
994 2699 1077 2760 inter
1108 2698 1171 2761 alia
1200 2699 1446 2792 continebantur
1476 2700 1536 2764 hec
1567 2704 1681 2765 verba:

412 2809 473 2870 Hic
497 2807 578 2870 obiit
599 2805 842 2869 archidiaconus
855 2799 895 2868 P.
908 2805 1130 2874 kamarcensis.
1149 2805 1205 2887 qui
1222 2805 1342 2887 legavit
1357 2807 1511 2870 balneum
1529 2809 1680 2870 dominis.

412 2914 586 2977 Millesimo
610 2912 843 2976 trecentesim..
859 2958 866 2974 .
881 2911 1144 2994 Quibusquidem
1161 2911 1332 2993 signaturis
1345 2927 1376 2975 et
1391 2915 1533 2996 registris
1549 2935 1607 2998 per
1624 2935 1682 2977 nos

411 3022 466 3100 sic,
488 3033 523 3082 ut
546 3019 751 3103 premittitur,
775 3019 959 3102 perquisitis
972 3031 1003 3080 et
1026 3017 1169 3101 repertis,
1196 3017 1295 3081 modo
1319 3019 1476 3100 premisso
1493 3021 1563 3082 sine
1588 3021 1681 3083 dimi·

412 3127 550 3189 nucione
575 3140 605 3187 et
628 3138 804 3208 augmento
832 3125 966 3206 aliquali
1000 3123 1040 3186 de
1074 3125 1172 3186 verbo
1205 3124 1246 3186 ad
1274 3126 1419 3204 verbum,
1452 3127 1498 3188 nil
1529 3127 1680 3190 addendo

411 3234 463 3296 vel
488 3231 666 3294 minuendo
696 3233 947 3314 transumptatis,
980 3230 1181 3313 presentibus
1212 3231 1313 3294 literis
1346 3232 1461 3294 nostris
1492 3235 1677 3316 patentibus

412 3338 541 3401 inscribi
567 3351 597 3399 et
620 3336 872 3400 inserifacientes
895 3336 1026 3420 prelatis
1049 3336 1173 3399 decano
1200 3350 1231 3398 et
1254 3337 1313 3399 toti
1337 3340 1562 3402 communitati
1589 3341 1678 3403 duxi·

413 3465 485 3509 mus
520 3443 754 3522 concedendas,
778 3444 857 3526 juris
891 3444 1035 3527 ipsorum
1060 3443 1201 3505 uberiori
1225 3463 1284 3526 pro
1309 3443 1442 3523 cautela,
1475 3445 1592 3508 harum
1624 3467 1677 3508 no·

412 3565 548 3614 stratum
573 3551 683 3632 vigore
708 3563 739 3612 et
763 3551 950 3612 testimonio
974 3550 1139 3612 literarum
1163 3549 1335 3611 mediante.
1354 3549 1474 3612 Datum
1498 3550 1579 3614 feria
1595 3567 1677 3615 sexta

411 3657 557 3740 proxima
581 3669 653 3738 post
676 3655 793 3718 festum
819 3656 1026 3718 exaltacionis
1050 3667 1157 3718 sancte
1183 3655 1306 3718 Crucis.
1339 3659 1435 3718 Anno
1459 3657 1586 3720 domini
1609 3659 1676 3721 mil·

412 3763 527 3826 lesimo
549 3763 810 3846 quingentesimo
835 3762 1008 3824 sedecimo.

518 3884 655 3950 originale
673 3885 698 3937 in
718 3886 816 3946 chama.
839 3901 855 3937 a
877 3890 955 3951 tergo
975 3883 1118 3952 vestigium
1133 3884 1226 3952 sigilli.
1249 3883 1276 3936 ln
1299 3884 1396 3939 archiv.
1420 3886 1549 3940 bonorab.
1565 3884 1675 3954 collegii.

412 3974 674 4028 Praebendariornm.

1005 4187 1086 4253 132.

520 4347 598 4398 Anno
621 4346 696 4398 1516.
717 4347 759 4398 22.
779 4346 949 4409 septenbris.
968 4346 1090 4398 Vlterbii.

414 4474 471 4531 Leo
495 4475 530 4535 X.
551 4482 633 4548 papa
656 4474 823 4548 dtgnitariis
845 4475 966 4548 capituli
992 4473 1153 4533 Carmentis
1168 4474 1261 4550 jubet,
1287 4483 1322 4532 ut
1341 4476 1439 4548 finem
1461 4477 1586 4550 facriznt
1612 4477 1673 4545 litu,

411 4600 466 4655 que
488 4583 563 4639 inter
585 4583 733 4656 collegium
751 4581 1029 4654 praebendariorum
1051 4589 1080 4638 et
1095 4582 1290 4655 pramositum
1310 4581 1337 4640 b.
1361 4599 1389 4642 v.
1404 4581 1509 4640 Marde
1523 4582 1559 4639 de
1580 4583 1673 4640 balneo

991 4688 1099 4760 agitur.

520 4807 587 4867 Leo
611 4827 693 4888 papa
718 4807 873 4870 decimus.
898 4807 1032 4869 Dilectis
1055 4807 1129 4870 filiis
1153 4809 1265 4871 lectori
1291 4821 1323 4870 et
1345 4809 1467 4870 cantori
1493 4829 1529 4870 ac
1554 4807 1670 4871 custodi

413 4912 545 4974 ecclesie
570 4912 774 4992 chasmensis,
799 4914 1014 4997 zagrabiensis
1038 4913 1184 4993 diocesis,
1210 4927 1377 4976 eteorum
1402 4913 1545 4978 cuilibet.
1563 4914 1669 4976 Dilecti

414 5017 472 5080 filii
496 5020 630 5080 salutem
656 5033 686 5082 et
711 5021 921 5102 apostolicam
946 5021 1220 5085 benediccionem.
1254 5021 1411 5084 Mittimus
1434 5022 1528 5084 vobis
1558 5021 1669 5104 suppli·
