3808 5792
632 583 705 641 Dec.
732 596 800 656 192.
831 617 873 625 —
898 584 952 642 Aa.
979 595 1065 660 1524.
1423 603 1479 663 24¹

227 684 479 692 ——-—-——-—-
498 687 554 693 —
569 688 624 693 --
632 688 697 694 -..ο
790 688 850 694 -.-
873 689 976 694 ----.-.
1227 691 1475 698 .----·—--——-..

218 805 354 889 prefatas
378 807 486 870 literas
509 807 742 870 testimoniales
766 808 805 869 ad
832 807 1002 870 laesionem
1038 830 1127 871 suam
1162 811 1332 890 confectas,
1365 813 1486 894 sigillo-

216 933 280 994 que
304 933 391 974 novo
424 915 544 996 egregii
579 915 670 976 Pauli
707 915 895 998 Kerecheny
930 915 970 977 de
1006 915 1240 999 Kanyaiewlde
1275 919 1421 980 vicebani
1457 939 1474 980 e

216 1019 343 1079 comitis
366 1019 466 1080 nostri
491 1019 707 1100 zagrabiensis
731 1020 943 1101 consignatas,
976 1022 1106 1102 egregio
1139 1021 1303 1105 Stephano
1340 1023 1487 1106 Deshazy

216 1138 247 1185 et
271 1123 403 1186 domine
428 1123 628 1206 Margarethe
653 1127 758 1187 socrui
788 1145 844 1187 sue
868 1145 904 1187 ac
935 1129 1029 1188 Anne
1062 1129 1201 1189 consorti
1233 1149 1289 1190 sue
1322 1129 1398 1191 dare
1429 1149 1486 1212 po-

215 1230 345 1291 stulavit
370 1230 448 1292 iuris
480 1229 623 1312 ipsorum
660 1230 700 1292 ad
737 1231 919 1294 cautellam.
954 1232 1073 1293 Datum
1108 1234 1262 1315 Zagrabie
1299 1233 1376 1296 feria
1401 1249 1486 1296 sexta

215 1336 361 1418 proxima
386 1349 458 1418 post
480 1334 596 1398 festum
621 1337 704 1398 beati
731 1337 850 1398 Mathie
874 1337 1022 1420 apostoli.
1048 1343 1143 1400 Anno
1167 1337 1292 1401 domini
1310 1339 1484 1402 millesimo

216 1442 480 1524 quingentesimo
504 1442 661 1524 vigesimo
685 1457 810 1525 quarto.

326 1581 464 1648 Originale
496 1583 521 1634 in
552 1583 651 1650 charta,
670 1598 686 1634 a
704 1588 781 1650 tergo
811 1589 922 1650 apparet
953 1585 1095 1652 vestigium
1114 1583 1205 1651 sigilli.
1234 1586 1260 1638 ln
1285 1587 1382 1638 archiv.
1411 1601 1486 1652 regn.

217 1669 308 1723 Croat.
328 1669 399 1724 Slav.
420 1675 446 1722 et
466 1669 552 1724 Dalm.

816 1953 894 2022 192.

320 2111 395 2164 Anno
415 2111 491 2165 1524.
511 2111 534 2162 8.
556 2113 670 2178 augusti.
690 2115 788 2166 Badae.

213 2246 382 2306 ludovicus
405 2249 458 2324 ll,
484 2249 586 2322 Hung.
616 2257 664 2310 etc.
689 2268 752 2320 rex,
775 2249 860 2308 bane's
882 2248 1057 2308 Sclaveniae
1086 2253 1172 2326 regni
1198 2251 1328 2322 mandat,
1351 2259 1386 2309 ut
1406 2254 1484 2311 cives

260 2353 464 2428 zagrabienses
486 2355 654 2430 defendant,
679 2357 707 2414 si
726 2358 792 2430 quis
814 2356 852 2413 ab
874 2357 911 2414 iis
932 2357 1058 2430 vectigal
1078 2358 1127 2414 vel
1140 2358 1304 2432 portorium
1328 2359 1439 2431 exigat.

869 2513 1030 2564 Commissio
1050 2513 1159 2578 propria
1178 2511 1276 2564 domini
1297 2512 1377 2578 regis.

304 2598 489 2661 Ludouicus
497 2599 549 2661 dei
559 2599 664 2680 gracia
673 2619 727 2661 rex
739 2599 904 2682 Hungarie
914 2614 944 2662 et
953 2601 1108 2664 Bobemie
1118 2616 1177 2664 etc.
1188 2601 1354 2663 Fidelibus
1363 2602 1483 2664 nostris

213 2705 379 2786 spectabili
392 2718 423 2767 et
431 2703 608 2786 magnificis
617 2706 755 2768 Johanni
765 2705 934 2788 Torquato
948 2707 1056 2768 comiti
1067 2707 1229 2770 Corbauie
1242 2727 1278 2770 ac
1290 2706 1429 2769 Johanni
1443 2707 1483 2769 de

214 2809 310 2872 Thab
336 2830 508 2892 regnorum
533 2825 717 2874 nostrorum
750 2812 926 2892 Dalmacie,
958 2813 1093 2876 Croacie
1124 2827 1156 2875 et
1187 2813 1360 2876 Sclauonie
1393 2814 1485 2876 banis

213 2916 350 2978 salutern
375 2930 406 2978 et
428 2919 580 2998 graciam.
605 2918 786 3000 Exponitur
809 2905 902 2980 nobis
927 2919 959 2980 in
976 2920 1121 3001 personis
1137 2919 1283 2981 fidelium
1299 2932 1483 2981 nostrorum

214 3021 411 3105 prudentum
435 3037 467 3086 et
490 3023 794 3106 circumspectorum
819 3023 933 3106 judicis
967 3037 999 3086 et
1029 3023 1205 3105 juratorum
1238 3044 1274 3086 ac
1306 3037 1484 3086 ceterorum

214 3129 334 3190 civium
359 3129 495 3191 civitatis
518 3142 625 3192 nostre
650 3130 769 3194 montis
794 3129 973 3209 Grecensis,
999 3131 1167 3212 quomodo
1192 3130 1252 3212 ipsi
1278 3151 1314 3192 ex
1339 3150 1483 3192 annuen-

214 3236 257 3296 tia
283 3248 313 3297 et
336 3236 541 3298 concessione
566 3235 715 3298 divorum
740 3255 852 3318 regum
877 3235 1054 3317 llungarie,
1078 3236 1340 3320 predecessorum
1363 3236 1485 3298 scilicet

214 3355 409 3421 nostrorum,
432 3341 653 3424 genitorisque
678 3342 777 3403 nostri
815 3341 992 3404 charissimi
1025 3341 1126 3403 felicis
1161 3343 1329 3422 memorie,
1353 3361 1371 3404 a
1394 3341 1483 3403 solu·

214 3449 307 3510 cione
332 3449 552 3530 cuiuscunque
576 3448 718 3510 thelonei
743 3447 794 3510 vel
829 3449 939 3510 tributi
964 3449 1031 3510 sive
1056 3449 1088 3510 in
1113 3449 1203 3510 terris
1236 3448 1302 3509 sive
1336 3448 1368 3509 in
1392 3449 1484 3530 aquis

214 3568 279 3616 tarn
304 3554 412 3616 eundo
450 3574 547 3636 quarn
572 3553 740 3616 redeundo
765 3555 904 3637 exempti
929 3553 1063 3616 luissent
1087 3567 1118 3616 et
1141 3554 1331 3637 supportati,
1356 3567 1387 3615 et
1410 3554 1484 3615 licet

214 3680 274 3722 nos
286 3680 418 3742 quoque
432 3659 568 3722 eandem
582 3660 796 3722 annuenciam
810 3661 969 3722 dictorum
983 3660 1132 3722 divorum
1146 3679 1269 3742 regum,
1282 3659 1359 3742 ipsis
1371 3679 1483 3742 expos-

213 3765 360 3828 centibus
382 3766 604 3847 superioribus
628 3765 720 3827 annis
744 3765 1034 3846 confirmassemus,
1058 3779 1165 3828 tamen
1199 3765 1348 3826 nonnulli
1373 3778 1483 3827 contra

213 3871 391 3933 eorundem
428 3871 547 3933 civium
572 3871 751 3933 libertatem
773 3871 923 3934 thelonea
948 3885 979 3934 et
1002 3873 1120 3934 tributa
1144 3873 1184 3933 ab
1209 3870 1331 3934 eisdem
1356 3871 1483 3952 exigere

212 3979 372 4061 cepissent
395 3991 426 4039 et
449 3976 488 4038 de
512 3990 618 4038 cetero
642 3997 773 4060 quoque
797 3997 923 4059 semper
947 3978 1072 4059 exigere
1107 3977 1283 4038 niterentur
1319 3975 1349 4037 in
1388 3975 1480 4038 dero·

211 4103 330 4166 gamen
366 4083 521 4145 libertatis
556 4083 734 4145 eorundem
770 4097 800 4145 et
833 4083 1048 4165 preiudicium
1089 4083 1183 4144 valde
1216 4101 1381 4164 magnum.
1416 4083 1483 4144 Nos

213 4190 312 4271 igitur
336 4189 482 4252 nolentes
506 4189 637 4253 eosdem
662 4203 770 4252 contra
795 4189 895 4252 dictas
931 4190 1108 4252 eorundem
1141 4191 1303 4252 libertates
1336 4189 1482 4272 dampni·

213 4295 313 4373 ficari,
338 4293 483 4357 fidelitati
508 4309 611 4357 vestre
635 4296 749 4358 barum
772 4295 853 4358 serie
877 4295 1058 4358 firmissime
1083 4295 1315 4358 committimus
1339 4307 1370 4356 et
1392 4313 1483 4356 man·

213 4401 341 4480 damus,
366 4403 516 4483 quatinus
540 4401 672 4464 eosdem
697 4413 893 4484 exponentes
917 4401 948 4463 in
974 4401 1118 4484 ipsorum
1149 4400 1350 4462 libertatibus
1374 4413 1405 4460 et
1429 4420 1481 4461 ex·

214 4507 380 4589 emptione
403 4507 585 4590 prescriptis
621 4493 721 4569 teneri
759 4523 789 4570 et
822 4508 1003 4570 conservari
1039 4505 1142 4569 lacere
1179 4519 1288 4568 contra
1322 4505 1484 4586 quoslibet

213 4611 402 4693 illegitimos
426 4613 623 4696 impetitores
647 4627 677 4675 et
700 4615 936 4695 perturbatores
964 4613 1117 4693 debeatis,
1149 4631 1255 4694 neque
1287 4631 1342 4673 eos
1373 4625 1482 4673 contra

213 4715 353 4780 formam
375 4719 619 4801 privilegiorum
644 4733 675 4780 et
698 4719 876 4781 litterarum
901 4739 957 4802 per
981 4739 1040 4781 nos
1064 4718 1185 4780 eisdem
1210 4715 1381 4800 superinde
1406 4737 1481 4778 con-

213 4821 412 4885 firmatarum
436 4825 468 4886 in
493 4825 573 4886 locis
596 4823 835 4903 theloneorum,
858 4825 1052 4886 tributorum
1077 4837 1108 4886 et
1139 4823 1347 4885 exaccionum
1381 4822 1482 4904 impe-

214 4929 274 4990 diri
299 4949 356 4990 seu
380 4929 598 5013 dampnificari
624 4931 813 5013 permittatis
845 4931 959 5012 quovis
990 4929 1100 4992 modo.
1136 4930 1234 4991 Secus
1268 4948 1333 4990 non
1358 4927 1481 4991 facturi.

213 5033 419 5097 Presentibus
454 5035 612 5118 perlectis,
644 5035 804 5098 exhibenti
839 5036 1001 5098 restitutis.
1037 5036 1159 5098 Darum
1195 5034 1284 5096 Bude
1321 5033 1399 5096 feria
1434 5055 1480 5096 se-

1339 5142 1375 5203 16
