3808 5792
646 487 716 545 Dor.
741 481 808 558 156.
832 517 871 526 -
896 486 954 543 An.
980 495 1065 558 1519.

818 717 899 794 156.

326 907 405 956 Anno
424 903 502 957 tsts.
524 904 563 958 ll.
583 903 684 970 aprilis.
703 903 862 970 Zenobiae.

220 1062 254 1124 E
275 1067 371 1140 legato
394 1067 489 1125 Pauli
508 1068 544 1126 de
561 1067 662 1150 Royla
684 1068 822 1142 cananaei,
847 1067 967 1140 acceptis
991 1080 1053 1124 100
1068 1066 1106 1140 st.
1133 1067 1280 1138 collegeram
1308 1067 1489 1146 praebenda-

218 1173 374 1232 danorum
396 1175 549 1244 constituit,
573 1181 608 1232 ut
620 1182 681 1248 pro
703 1175 764 1232 eries
793 1173 908 1231 animae
933 1174 1029 1230 salute
1052 1173 1094 1230 his
1129 1171 1162 1231 in
1195 1169 1372 1232 hebdomada
1403 1174 1490 1231 ms'rsa

791 1279 913 1352 legatur.

329 1437 397 1498 Nos
421 1434 558 1498 Michsel
584 1435 625 1498 de
649 1436 757 1498 Mlalrs
782 1435 922 1497 decanus
953 1449 984 1496 et
1007 1447 1073 1498 tots
1109 1434 1323 1498 communitas
1354 1435 1489 1518 preben-

223 1541 387 1603 dariorum
412 1541 500 1602 chori
525 1541 609 1603 alme
634 1541 767 1604 ecclesie
791 1541 1015 1623 zagrabiensis.
1041 1541 1196 1603 Memoris
1224 1542 1490 1604 commendamus

223 1661 333 1708 tenore
370 1648 571 1730 presencium
608 1647 824 1729 significantes
870 1647 988 1730 quibus
1023 1647 1152 1730 expedit
1190 1647 1355 1710 universis.
1392 1647 1490 1722 Quod

223 1753 299 1835 quia
323 1754 518 1816 reverendus
556 1755 589 1817 in
622 1754 752 1818 Christo
787 1768 877 1838 pater
911 1769 942 1816 et
974 1753 1136 1832 dominus,
1160 1753 1312 1817 domiuus
1336 1754 1491 1833 Andreas,

224 1860 393 1942 episcopus
420 1861 627 1939 Rosonensis,
652 1859 926 1943 sufraganeusque
949 1880 985 1922 ac
1017 1859 1262 1922 archidiaconus
1293 1859 1332 1922 de
1354 1860 1490 1924 Kemlelt

223 1979 254 2026 et
277 1965 451 2028 canonicus
473 1966 607 2029 ecclesie
630 1967 847 2048 zagrabiensis
870 1965 1022 2048 predicte,
1048 1983 1105 2028 nec
1130 1985 1195 2027 non
1220 1965 1411 2028 venerabilis
1433 1966 1490 2028 do-

223 2071 330 2133 minus
354 2070 478 2151 Gallus,
503 2071 748 2134 archidiaconus
772 2071 966 2152 dubicensis,
990 2071 1229 2153 canonicusque
1253 2070 1373 2154 prefate
1391 2072 1490 2136 eccle·

222 2178 266 2239 sie
290 2177 506 2259 zagrabiensis
530 2198 566 2240 ac
589 2177 797 2240 honorabiles
820 2178 944 2242 domini
978 2177 1131 2240 Nicolaus
1162 2178 1279 2256 senior,
1314 2177 1393 2240 alias
1424 2178 1491 2261 ple-

224 2285 326 2346 banus
350 2283 488 2346 civitatis
510 2285 631 2346 montis
656 2283 825 2347 Grecensis
846 2297 877 2345 et
901 2282 1082 2366 Stephanus
1106 2283 1146 2346 de
1174 2283 1322 2367 lwanycb
1346 2303 1490 2367 compre·

226 2390 400 2452 bandarius
437 2403 555 2470 noster,
588 2403 775 2453 executores
804 2389 996 2452 venerabilis
1027 2389 1164 2452 condam
1195 2389 1319 2452 domini
1351 2389 1493 2473 magistri

223 2495 314 2558 Pauli
339 2496 380 2559 de
416 2496 550 2579 Roycha
583 2497 741 2575 canonici,
774 2497 827 2580 pie
862 2495 1017 2558 memorie
1053 2509 1084 2558 et
1114 2493 1217 2558 felicis
1247 2495 1493 2576 recordacionis,

222 2601 368 2664 eiusdem
392 2602 525 2665 ecclesie
550 2603 776 2683 zagrabiensis,
800 2602 842 2664 ob
866 2621 957 2685 apem
980 2613 1011 2664 et
1041 2601 1219 2666 remedium
1243 2601 1354 2664 salutis
1385 2601 1491 2664 anime

224 2707 323 2790 ipsius
346 2708 486 2772 condam
510 2709 651 2792 magistri
677 2709 769 2771 Pauli
793 2722 824 2770 et
847 2709 996 2771 omnium
1020 2706 1261 2771 benefactorum
1285 2727 1417 2772 suorum
1433 2727 1492 2793 pro

224 2813 318 2875 certis
343 2815 487 2896 negociis
510 2815 637 2896 nostris,
672 2835 730 2878 nos
762 2829 793 2878 et
824 2815 1088 2878 communitatem
1123 2828 1264 2878 nostram
1293 2815 1334 2878 ad
1363 2834 1493 2898 presens

223 2919 413 3002 urgentibus
436 2933 468 2984 et
490 2921 696 3003 tangentibus
720 2934 849 2984 centum
873 2920 1013 2984 florenos
1034 2921 1112 2984 auri·
1132 2921 1216 3004 puri,
1248 2921 1324 2984 boni
1356 2935 1388 2984 et
1418 2919 1491 3004 justi

222 3025 387 3108 ponderis,
401 3027 495 3088 nobis
514 3041 545 3089 et
568 3027 792 3090 communitati
811 3039 923 3130 ⁸nostre
946 3025 1068 3110 prefate
1096 3027 1129 3090 in
1161 3027 1373 3092 elemosinam
1395 3027 1490 3090 dede-

225 3143 309 3211 runt,
341 3132 549 3196 contulerunt
572 3147 603 3196 et
634 3133 853 3208 donaverum3
885 3133 959 3196 ideo
1002 3151 1061 3194 nos
1091 3132 1251 3196 nollentes
1281 3153 1347 3196 esse
1380 3134 1491 3196 imme-

224 3256 332 3300 mores
368 3251 399 3300 et
431 3239 547 3321 ingrati
583 3251 746 3302 tantorum
781 3238 1023 3318 beneficiorum,
1056 3239 1297 3322 elemosineque
1338 3238 1491 3321 sepedicti

223 3343 362 3406 condam
387 3344 531 3426 magistri
556 3345 658 3423 Pauli,
682 3346 890 3428 promisimus
906 3359 937 3408 et
959 3345 1040 3408 serie
1060 3345 1261 3427 presencium
1276 3344 1492 3428 promittimus

224 3448 345 3512 amodo
369 3461 401 3511 et
423 3449 575 3533 deinceps
598 3470 634 3512 ac
658 3451 690 3512 in
715 3463 905 3533 perpetuum
929 3451 963 3512 in
987 3470 1041 3513 ara
1065 3451 1164 3512 sancti
1190 3449 1329 3512 Ladislai
1352 3449 1435 3531 regis
1458 3448 1490 3510 in

224 3555 308 3618 dicta
344 3554 478 3618 ecclesia
509 3556 709 3638 zagrabiensi
739 3555 871 3620 fundata
906 3571 937 3620 et
972 3569 1162 3636 constructa,
1196 3556 1379 3637 habitaque,
1402 3553 1490 3616 omni

223 3659 300 3722 feria
327 3660 469 3723 secunda
495 3681 594 3724 unam
618 3662 748 3724 missam
772 3682 830 3745 pro
854 3662 1019 3725 sacerdote
1052 3661 1206 3725 defuncto
1240 3681 1298 3724 nec
1322 3679 1388 3722 non
1411 3657 1489 3720 feria

222 3768 319 3830 tercia
343 3768 549 3830 oracionem:
575 3769 680 3830 Presta
706 3788 891 3850 quesumus,
916 3769 968 3832 die
984 3787 1060 3830 vero
1077 3768 1190 3830 festivo
1212 3778 1397 3831 occurrente
1422 3764 1489 3845 ipsa

222 3872 301 3936 feria
326 3873 468 3936 secunda
493 3874 545 3936 vel
569 3874 678 3954 tercia,
703 3875 887 3938 oracionem
911 3895 969 3958 pro
993 3875 1152 3936 sadertote
1177 3871 1329 3935 defuncto
1353 3868 1490 3950 legendo

223 4001 280 4064 per
304 3999 407 4042 unum
433 4001 471 4042 ex
495 3980 590 4042 nobis
625 3980 715 4042 cuius
738 3981 833 4042 series
857 3993 888 4042 et
911 3979 992 4042 ordo
1017 3979 1113 4042 fuerit
1136 3978 1323 4042 continuare
1339 3988 1370 4036 et
1385 3973 1490 4035 dicere

225 4085 390 4149 iaciemus.
415 4079 468 4147 Ad
492 4107 556 4168 que
581 4105 640 4148 nos
663 4100 694 4148 et
726 4105 923 4149 successores
956 4099 1082 4148 nostros
1113 4097 1275 4168 presentes
1306 4093 1337 4142 et
1368 4077 1491 4140 iuturus

224 4193 305 4254 serie
345 4193 548 4274 presencium
588 4193 804 4273 obligavimus
842 4205 873 4254 et
910 4193 1104 4274 obligamus,
1135 4203 1170 4252 ut
1201 4203 1231 4252 et
1262 4186 1316 4249 alii
1348 4183 1492 4244 videntes

225 4297 307 4360 hanc
331 4313 473 4360 nostram
497 4297 767 4377 benivolenciam,
791 4298 1042 4380 charitatemque
1067 4311 1098 4360 et
1121 4293 1370 4358 retribucionem
1401 4287 1491 4369 spiri-

227 4403 347 4463 tualem
371 4403 465 4465 nobis
488 4403 721 4485 prestanciores
744 4417 775 4466 et
800 4403 955 4486 largiores
978 4401 1018 4466 ad
1044 4402 1236 4464 elemosinas
1268 4393 1390 4456 dandas
1421 4389 1491 4452 red-

232 4507 345 4569 dantur
367 4521 398 4570 et
421 4508 610 4573 efficiantur.
636 4510 670 4571 ln
695 4511 785 4572 cuius
808 4511 851 4572 rei
877 4509 1078 4587 memoriam,
1095 4507 1192 4568 fidem
1217 4515 1247 4564 et
1263 4495 1493 4571 testimonium,

234 4609 476 4696 firmitatemque
501 4627 691 4697 perpetuam
715 4627 878 4698 presentes
901 4615 1022 4676 litteras
1044 4611 1174 4695 prelatis
1191 4603 1414 4670 executoribus
1430 4615 1493 4658 una

240 4735 310 4776 cum
331 4721 520 4799 appensione
545 4719 643 4801 sigilli
668 4733 774 4782 nostre
799 4719 1038 4783 communitatis
1052 4717 1202 4779 duximus
1227 4703 1448 4772 concedendas
1463 4713 1494 4760 et

245 4823 454 4888 concessimus.
479 4826 626 4900 Quarum
651 4827 777 4908 copiam
802 4827 833 4888 in
858 4825 982 4888 statutis
1013 4823 1128 4885 nostris
1159 4811 1406 4894 conscripsimus
1436 4823 1494 4886 pro

250 4938 387 5004 perpetus
412 4933 575 4994 memoria.
612 4931 731 4993 Datum
766 4932 921 5012 Zagrabie
957 4929 1036 4991 feria
1071 4922 1213 4988 secunda
1246 4915 1389 5000 proxima
1424 4917 1495 4987 post

331 5045 336 5056 .
1356 5035 1389 5096 ,3
