3732 5802
614 545 686 605 Dec.
708 557 762 621 94.
789 578 827 588 -
855 545 912 602 An.
939 557 1022 620 1511.
1395 561 1452 619 105

190 649 428 654 ----.-
438 650 443 654 .
1133 649 1253 655 ῌ..-
1271 649 1287 653 --
1300 647 1394 654 -.——
1405 647 1425 653 --
1433 647 1446 653 -

186 767 330 851 prefatus
356 768 536 851 Stephanus
566 769 607 830 de
632 770 730 849 Hom,
753 769 849 850 judex
874 769 1032 832 nobilium
1057 770 1134 832 dicti
1155 771 1325 831 comitatus
1347 789 1456 850 zagra·
1555 843 1558 853 Ι

185 875 317 953 biensis,
345 875 635 957 comprovincialis,
660 875 781 956 juratus
806 890 837 937 et
864 877 1073 955 examinatus,
1099 875 1200 937 fassus
1225 890 1271 938 est
1294 876 1375 938 scitu
1399 894 1455 957 per

183 981 296 1042 omnia
319 981 364 1042 uti
382 981 544 1043 lohannes
562 981 751 1063 Drobythel‚
768 981 856 1044 testis
876 982 1020 1063 proxime
1038 980 1221 1064 precedens.
1239 983 1317 1043 ltem
1334 981 1452 1043 nobilis

184 1087 297 1149 Petrus
323 1087 470 1170 lmprych
493 1087 533 1148 de
558 1089 740 1170 Jamnycza,
765 1087 861 1168 judex
881 1087 1042 1148 nobilium
1065 1087 1141 1148 dicti
1158 1087 1327 1148 comitatus
1344 1106 1452 1168 zagru-

184 1194 316 1271 biensis,
341 1193 461 1274 juratus
485 1207 515 1256 et
538 1195 747 1274 examinatus,
763 1193 864 1255 fassus
885 1206 931 1255 est
946 1194 1027 1256 scitu
1044 1213 1100 1276 per
1117 1194 1227 1255 omnia
1244 1207 1278 1254 ut
1295 1192 1456 1254 lohannes

184 1299 377 1382 Drobythel.
394 1301 471 1362 ltem
489 1300 607 1362 nobilis
625 1299 760 1362 Mathias
779 1299 1011 1383 Ladyslowych
1029 1300 1069 1362 de
1086 1299 1293 1376 Adamowcz,
1310 1318 1456 1380 compro-

184 1406 343 1485 vincialis,
360 1405 480 1486 juratus
496 1421 527 1468 et
543 1407 752 1486 examinatus,
769 1405 870 1468 fassus
887 1419 933 1468 est
949 1407 1028 1468 scitu
1045 1425 1101 1488 per
1118 1407 1226 1467 omnia
1244 1419 1278 1467 ut
1294 1403 1456 1467 lohannes

184 1512 379 1595 Drobythel.
405 1513 483 1574 ltem
507 1513 626 1574 nobilis
651 1513 763 1574 Simon
787 1513 826 1574 de
852 1513 973 1591 Zabok‚
989 1512 1085 1594 judex
1107 1513 1267 1574 nobilium
1285 1511 1454 1573 comitatus

183 1619 420 1698 warasdiensis,
442 1619 733 1700 comprovincialis,
754 1618 875 1700 juratus
899 1632 930 1680 et
953 1619 1162 1697 examinatus,
1180 1617 1281 1680 fassus
1304 1632 1350 1680 est
1374 1617 1453 1678 scitu

184 1739 218 1786 ut
243 1723 408 1786 Johaunes
433 1724 621 1806 Drobythel.
645 1725 723 1786 ltem
746 1725 865 1787 nobilis
889 1725 1052 1787 lohannes
1070 1725 1200 1808 Loxych
1218 1725 1257 1786 de
1277 1725 1456 1806 Woxyncz‚

185 1830 481 1912 comprovincialis,
505 1830 626 1912 juratus
657 1843 688 1892 et
718 1831 928 1910 examinatus,
953 1829 1053 1892 fassus
1084 1843 1130 1892 est
1162 1831 1242 1892 scitu
1266 1849 1324 1912 per
1347 1829 1456 1892 omnia

185 1950 220 1998 ut
246 1935 411 1998 lohannes
435 1937 623 2020 Drobythel.
644 1937 733 2015 ltem,
757 1937 877 1998 nobilis
899 1937 1090 1998 Ambrosius
1114 1935 1268 2019 Bokoych
1291 1937 1457 2018 vicejudex

185 2042 360 2120 nobilium,
397 2042 686 2124 comprovincialis,
720 2042 841 2123 juratus
879 2057 910 2104 et
945 2043 1152 2122 examinatuS,
1187 2041 1287 2104 fassus
1321 2056 1367 2104 est
1401 2062 1458 2124 per

185 2148 298 2210 omnia
322 2149 403 2210 scitu
429 2162 464 2210 ut
487 2148 648 2211 Johannes
672 2149 862 2231 Drobythel‚
888 2149 1012 2211 addidit
1035 2150 1174 2231 iusuper,
1200 2149 1288 2230 quod
1312 2148 1457 2231 quando·

185 2273 329 2336 cumque
353 2254 497 2317 forenses
520 2269 713 2318 mercatores
736 2255 908 2317 voluerunt
931 2256 1041 2316 venire
1066 2275 1139 2316 cum
1164 2256 1325 2316 mercibus
1345 2274 1457 2316 eorum

185 2360 227 2422 ad
253 2379 362 2422 aream
396 2361 606 2444 capitularem
637 2381 763 2444 semper
794 2361 932 2422 liberum
961 2361 1111 2422 veniendi
1136 2374 1167 2422 et
1191 2359 1313 2422 ibidem
1337 2380 1458 2423 merces

186 2467 333 2551 ipsorum
358 2481 424 2529 tam
447 2481 593 2550 tempore
617 2468 879 2549 congregacionis
903 2467 1138 2549 regnicolarum
1163 2487 1260 2548 quam
1284 2468 1362 2529 alias
1382 2487 1458 2530 ven·
1512 2458 1523 2473 '

187 2573 290 2636 deudi
307 2573 489 2636 habuerunt
506 2573 690 2636 facultatem
707 2574 775 2635 sine
793 2573 1026 2655 impedimento
1044 2574 1186 2655 aliquali.
1205 2575 1283 2635 ltem
1301 2571 1459 2655 Georgius

187 2680 343 2763 Spychko
367 2681 407 2742 de
432 2681 604 2763 Krysancz,
630 2679 748 2741 nobilis
772 2679 812 2742 de
836 2681 991 2742 comitatu
1015 2681 1231 2759 warasdiensi‚
1256 2681 1458 2763 comprovin-
1515 2692 1517 2697 ’

187 2787 290 2864 cialia,
315 2785 436 2866 juratus
460 2799 490 2848 et
513 2788 720 2864 examinatus,
738 2785 839 2847 fassus
863 2799 909 2848 est
932 2787 1013 2848 scitu
1038 2800 1072 2847 ut
1091 2785 1252 2848 lohannes
1268 2785 1458 2868 Drobythel.

186 2928 232 2938 -
257 2896 398 2974 Accepta
422 2893 519 2973 igitur
542 2893 696 2974 premissa
720 2892 927 2953 attestacione
950 2891 1001 2953 hic
1026 2892 1058 2952 in
1078 2893 1231 2954 comitatu
1249 2891 1459 2973 zagrabiensi‚

187 2997 312 3058 ibidem
348 2997 490 3059 indicto
515 2999 662 3078 sequenti
687 2997 738 3058 die
763 2997 845 3058 dicte
871 2996 948 3059 ferie
973 3011 1084 3078 quarte
1109 2997 1240 3058 eosdem
1266 2997 1404 3079 judicem
1430 3009 1461 3059 et

187 3103 311 3184 juratos
334 3103 419 3164 cives
442 3105 639 3182 monuimus,
660 3117 694 3164 ut
718 3103 778 3184 ipsi
797 3103 827 3164 in
846 3102 927 3164 festo
945 3104 1029 3165 beati
1046 3104 1129 3185 regis
1147 3103 1298 3186 Stephani
1316 3103 1460 3186 proxime

115 3227 122 3240 ·
188 3223 329 3272 venturo
361 3211 402 3270 ad
433 3210 621 3272 comitatum
656 3209 839 3271 crisiensem
871 3223 902 3270 et
934 3209 974 3271 ad
1008 3210 1168 3271 civitatem
1202 3209 1396 3271 Crisiensem
1420 3208 1460 3270 ad

189 3316 482 3398 congregacionem
506 3317 690 3398 generalem
715 3317 823 3378 venire
844 3315 997 3377 deberent
1014 3335 1071 3398 pro
1093 3315 1235 3377 ulteriori
1255 3315 1460 3377 attestacione

188 3442 249 3504 pro
273 3435 351 3482 tunc
375 3420 490 3484 fienda.
515 3422 716 3504 Quiquidem
740 3421 835 3504 judex
860 3435 890 3483 et
912 3421 1004 3503 jurati
1026 3422 1111 3483 cives
1133 3421 1165 3483 in
1191 3422 1260 3504 ipso
1277 3421 1358 3483 festo
1375 3422 1459 3483 beati

190 3529 277 3610 regis
310 3527 464 3610 Stephani
497 3529 559 3590 huc
583 3528 723 3590 Crisium
757 3547 822 3590 non
847 3541 1003 3590 venerunt
1027 3547 1132 3610 neque
1160 3529 1324 3607 miserunt,
1348 3526 1461 3609 prefati

189 3647 300 3696 autem
334 3633 458 3695 domini
482 3634 627 3696 Andreas
660 3635 772 3696 doctor
796 3635 932 3695 vicarius
956 3654 992 3695 ac
1017 3633 1154 3695 Mathias
1181 3634 1291 3712 lector,
1315 3633 1460 3694 canonici

189 3740 276 3802 dicte
310 3739 443 3801 ecclesie
474 3740 690 3822 zagrabiensis
721 3741 753 3801 in
785 3740 871 3801 dicto
904 3737 983 3801 festo
1015 3740 1099 3800 beati
1133 3740 1216 3820 regis
1252 3739 1404 3821 Stephani
1430 3739 1460 3799 in

191 3846 278 3907 dicta
311 3845 565 3927 congregacione
598 3846 833 3928 regnicolarum
866 3846 950 3906 iuxta
984 3847 1157 3928 prescripta
1186 3845 1335 3907 mandata
1360 3857 1461 3906 vestre

192 3951 372 4013 Maiestatis
394 3970 430 4012 ac
455 3952 638 4013 contencias
662 3952 838 4013 litterarum
864 3950 1008 4012 eiusdem
1032 3963 1135 4012 vestre
1157 3951 1331 4013 Maiestatis
1354 3969 1462 4012 coram

191 4058 288 4119 uobis
312 4077 371 4139 pro
395 4077 427 4118 se
452 4057 529 4139 ipsis
552 4058 762 4140 personaliter
783 4077 819 4119 ac
836 4056 966 4118 eosdem
984 4057 1125 4138 capitulo
1147 4077 1220 4118 cum
1237 4057 1463 4140 procuratoriis

191 4162 307 4223 litteris
340 4163 486 4224 eiusdem
520 4177 740 4246 comparentes
773 4184 808 4224 ac
838 4161 1054 4245 infrascriptos
1078 4163 1204 4224 nobiles
1228 4183 1285 4245 pro
1310 4162 1463 4244 premissa

191 4268 401 4330 attestacione
438 4289 496 4350 pro
531 4283 620 4350 parte
653 4288 767 4330 eorum
798 4269 903 4330 fienda
937 4288 1045 4330 coram
1077 4269 1171 4331 uobis
1204 4267 1400 4352 statuen(tes)
1433 4281 1464 4330 et

132 4389 136 4398 ·
190 4374 359 4436 attestacio
382 4394 418 4435 ac
443 4373 537 4438 fassio
561 4375 691 4436 testium
715 4375 874 4437 nobilium
899 4375 1078 4436 vicinorum
1101 4387 1131 4436 et
1155 4389 1463 4453 commetaneorum,

192 4480 584 4563 comprovincialiumque
610 4482 779 4544 comitatus
797 4482 956 4543 crisiensia
978 4500 1085 4543 coram
1109 4482 1202 4543 nobis
1223 4480 1304 4543 facta
1321 4481 1465 4562 sequitur

192 4588 227 4648 in
253 4587 340 4648 huuc
358 4587 509 4651 modum:
527 4587 604 4648 ltem
621 4587 737 4670 primo,
754 4588 901 4669 egregius
918 4587 1083 4650 Balthasar
1099 4587 1139 4649 de
1156 4587 1324 4670 Batthyan‚
1341 4587 1463 4669 juratus

192 4705 225 4754 et
245 4692 456 4772 examinatus,
476 4691 576 4755 fassus
592 4706 638 4756 est
654 4695 745 4774 scitu,
763 4693 850 4775 quod
868 4713 941 4756 cum
959 4693 1024 4776 ipse
1041 4707 1185 4775 tempore
1202 4693 1326 4754 domini
1345 4693 1465 4755 Mathie

192 4799 279 4880 regis
308 4808 447 4859 castrum
476 4798 601 4862 Medwe
629 4819 688 4882 pro
716 4797 892 4862 officiolatu
916 4799 1078 4878 tenuisset,
1103 4811 1134 4860 et
1157 4798 1235 4860 dum
1261 4799 1301 4860 ad
1327 4811 1465 4861 castrum

194 4903 324 4966 Medwe
348 4904 486 4967 venisset
509 4906 580 4987 plus
612 4906 644 4966 in
670 4905 811 4988 capitulo
835 4905 995 4966 residisset
1021 4925 1117 4987 quam
1143 4905 1175 4965 in
1200 4917 1312 4984 castr0,
1336 4918 1367 4967 et
1389 4919 1465 4967 tunc

193 5030 309 5072 omnes
341 5012 535 5073 mercancias
560 5012 591 5072 in
621 5013 762 5094 capitulo
790 5011 953 5073 habuisset
977 5025 1007 5073 et
1030 5025 1096 5072 tam
1121 5010 1263 5073 forenses
1287 5031 1384 5094 quam
1409 5011 1462 5072 alii
