3752 5806
597 528 670 586 Doc.
689 525 740 590 28.
761 562 798 572 —
817 529 979 607 An.1504.
1377 547 1417 610 27

153 750 182 810 in
206 751 319 832 aliqua
350 754 398 815 sui
422 767 512 836 parte
543 757 683 837 viciatus,
706 757 761 818 sed
793 777 923 840 prorsus
954 759 1043 820 omni
1068 759 1153 821 vicio
1184 772 1215 820 et
1238 757 1418 841 suspicione

153 871 308 938 carentes,
321 859 361 920 de
385 862 485 922 verbo
508 861 548 922 ad
572 863 706 924 verbum
723 863 791 926 sine
808 863 1029 926 diminucione
1046 879 1077 926 et
1094 878 1268 946 augmento
1286 864 1419 946 aliquali

154 979 368 1047 acceptamus,
392 969 609 1048 approbamus
632 983 663 1030 et
687 968 888 1048 ratificamus,
913 970 1013 1032 immo
1042 971 1301 1052 approbavimus,
1326 969 1420 1032 ratifi-

156 1071 301 1132 cavimus
333 1085 364 1132 et
394 1073 655 1136 confirmavimus
686 1075 799 1138 barum
830 1089 1011 1139 nostrarum
1043 1077 1153 1158 vigore
1181 1091 1213 1138 et
1235 1076 1420 1138 testimonio

155 1178 335 1240 litterarum
367 1181 540 1244 mediante.
573 1182 691 1244 Datum
727 1184 881 1266 Zagrabie
915 1182 991 1244 feria
1028 1183 1139 1265 quinta
1170 1183 1315 1266 proxima
1350 1195 1422 1264 post

157 1283 274 1346 lestum
307 1287 551 1349 resurreccionis
583 1289 726 1351 Domini.
758 1293 855 1352 Anno
888 1289 1032 1352 eiusdem
1064 1287 1237 1350 millesimo
1265 1289 1421 1371 quingen·

156 1391 272 1452 tesimo
298 1407 422 1474 quarto.
1045 1381 1048 1388 ’

264 1496 403 1563 Originale
421 1500 447 1550 iu
466 1503 623 1554 membrana.
644 1501 765 1570 Sigillum
779 1483 869 1554 minus
878 1504 972 1554 rubrae
985 1515 1062 1554 eerae
1075 1501 1232 1566 impressum
1246 1501 1377 1564 dependet
1391 1500 1422 1550 de

157 1599 225 1636 aona
245 1587 349 1638 sericea
368 1587 481 1641 violacei
502 1594 527 1641 et
548 1587 606 1642 flavi
617 1589 725 1644 eoloris.
744 1589 772 1643 ln
792 1589 887 1643 archiv.
902 1587 983 1643 inolit.
997 1590 1089 1642 Aoead.
1105 1587 1200 1640 Solent.
1215 1586 1319 1639 Slavor.
1332 1587 1423 1638 merid.

762 1785 821 1850 28.

263 1927 341 1977 Anno
363 1927 438 1991 1504,
457 1927 498 1977 25.
515 1925 589 1992 junii.
608 1924 767 1993 Zagrahlae.

165 2055 270 2113 &ram
304 2055 480 2126 magistram
511 2056 639 2115 evitatis
668 2056 786 2125 Ursulo,
817 2055 940 2128 Georgii
968 2055 1113 2128 agnholae
1141 2075 1225 2126 uxor,
1250 2054 1369 2112 Matheo
1393 2053 1426 2110 dc

296 2160 423 2217 Vrlrovec
443 2162 618 2234 parmulam
642 2163 743 2220 vineae
764 2181 835 2220 suae
857 2159 880 2219 ό
900 2162 975 2231 fle!
996 2161 1039 2218 oo
1060 2161 1160 2219 solriir's
1182 2161 1285 2221 vendit.

267 2299 338 2360 Nos
376 2299 541 2361 Emen'cua
580 2301 763 2383 Mikulych,
803 2300 887 2362 lilius
925 2301 1092 2380 Demetrii,
1132 2301 1238 2382 judex,
1278 2301 1426 2378 lacobus,

164 2405 314 2484 llichael,
340 2404 509 2486 Georgius,
531 2407 678 2486 Michael,
695 2407 817 2486 Petrus,
834 2409 1005 2488 Fabianus,
1023 2408 1188 2470 Emericua
1204 2421 1235 2469 et
1252 2404 1427 2486 Gregorius

163 2512 309 2594 jurati,et
322 2512 494 2574 consiliarii
511 2533 546 2574 ac
560 2513 698 2576 universi
716 2515 800 2576 cives
817 2515 952 2576 civitatis
967 2514 1253 2596 Montisgrecensis.
1272 2511 1427 2573 Memorie

164 2619 432 2681 commendamus
462 2632 571 2680 tenore
600 2621 800 2702 presencium
828 2619 1041 2702 significantes
1065 2620 1182 2702 quibus
1206 2617 1333 2702 expedit
1357 2617 1426 2678 uni·

164 2726 274 2804 versis,
308 2725 396 2806 quod
428 2725 553 2804 Vrsula,
584 2726 725 2788 concivis
755 2741 873 2805 nostra,
907 2725 971 2788 filia
1003 2727 1139 2788 condam
1173 2724 1312 2803 Martini,
1336 2723 1427 2786 aliter

166 2831 278 2894 Stansa
300 2832 488 2914 nuncupati,
505 2833 651 2894 similiter
667 2833 802 2900 condam
821 2833 961 2894 concivis
978 2832 1087 2911 nostri,
1105 2853 1189 2894 nunc
1205 2851 1282 2894 vero
1299 2849 1430 2892 consors

165 2938 324 3019 legittima
356 2937 489 3019 Georgii
519 2938 668 3020 agricole,
693 2959 800 3000 coram
833 2939 927 3000 nobis
958 2951 1071 3022 sponte
1103 2939 1273 3000 constituta
1297 2935 1428 2998 oraculo

167 3046 237 3106 vive
262 3045 352 3106 vocis
375 3064 431 3106 sue
455 3043 599 3107 confessu
624 3045 725 3107 estin
750 3045 835 3106 hunc
851 3045 1003 3106 modum:
1029 3044 1166 3126 qualiter
1182 3045 1249 3127 ipsa
1267 3042 1429 3124 quandam

168 3151 357 3234 particulam
381 3151 474 3212 vinee
498 3171 554 3214 sue
578 3151 610 3212 in
633 3151 793 3214 territorio
817 3151 900 3213 dicte
919 3151 1054 3213 civitatis
1070 3171 1168 3234 penes
1184 3151 1269 3212 vium
1286 3168 1429 3212 commu·

169 3277 242 3319 nem
274 3259 315 3319 ab
341 3257 488 3319 orientali
513 3271 544 3320 et
574 3257 655 3319 inter
678 3257 787 3319 vineas
810 3279 827 3320 a
852 3257 1056 3319 meridionali
1085 3257 1187 3340 plagis
1214 3257 1308 3318 vinea
1332 3255 1431 3338 ipsius

169 3363 296 3443 Vrsule,
321 3364 361 3424 ab
394 3363 584 3426 occidentali
617 3365 710 3426 vinea
734 3365 896 3426 Ambrosii
921 3365 1048 3444 sutoris,
1072 3362 1222 3447 Koslrych
1248 3362 1335 3442 dicti,
1359 3375 1430 3423 eta

169 3471 422 3554 septemtrionali
453 3471 596 3552 partibus
626 3471 719 3532 vinea
745 3470 863 3532 Mathia
896 3471 935 3533 de
959 3470 1152 3532 Werhowcz
1184 3469 1275 3530 aliter
1300 3469 1431 3530 Mathko

170 3577 274 3638 vocati
311 3575 500 3660 infrascripti
536 3577 699 3660 emptoris,
732 3579 835 3656 sitam,
869 3577 1011 3639 habitam
1042 3589 1073 3638 et
1107 3577 1305 3654 existentem,
1330 3575 1431 3657 ipsam

171 3683 292 3745 scilicet
316 3683 465 3744 Vrsulam
496 3683 564 3764 jure
595 3683 787 3744 hereditario
819 3697 1063 3745 concernentem
1096 3683 1192 3745 simul
1216 3703 1289 3744 cum
1313 3681 1434 3743 cunctis

173 3791 272 3873 ipsius
296 3789 431 3851 vinealis
455 3791 607 3872 particule
632 3791 831 3869 utilitatibus,
856 3789 988 3869 juribus,
1005 3791 1126 3869 usibus,
1150 3789 1383 3870 integritatibus
1404 3802 1434 3850 et

172 3896 379 3980 pertinenciis
411 3895 608 3976 quibuslibet
639 3896 868 3978 circumspecto
901 3895 1020 3957 Mathia
1044 3895 1084 3957 de
1109 3895 1301 3956 Werhowcz
1325 3915 1434 3977 supra-

174 4003 269 4082 dicto,
286 4023 323 4064 ac
347 4022 403 4084 per
426 4022 500 4063 eum
523 4002 588 4064 suis
612 4001 783 4064 heredibus
805 4021 863 4084 pro
884 4022 937 4063 ser
954 4001 1083 4063 florenis
1099 4014 1129 4063 et
1145 4002 1306 4084 sexaginta
1323 4001 1435 4062 solidis

174 4112 211 4171 ab
235 4108 364 4188 eodem,
387 4122 483 4190 prout
505 4109 551 4170 uti
576 4109 668 4170 nobis
693 4109 827 4190 ipsamet
850 4107 967 4187 retulit,
993 4108 1087 4191 plene
1117 4108 1239 4186 levatis,
1265 4107 1380 4168 habitis
1404 4119 1434 4167 et

175 4216 309 4298 receptis
355 4214 560 4294 vendidisset,
598 4215 779 4276 tradidisset
817 4227 847 4276 et
886 4214 1105 4296 inscripsisset,
1142 4214 1242 4274 immo
1278 4211 1433 4290 vendidit,

175 4323 305 4384 tradidit
337 4335 368 4382 et
400 4321 558 4404 inscripsit
591 4341 698 4384 coram
729 4321 824 4382 nobis
854 4321 920 4400 jure
948 4333 1103 4402 perpetuo
1127 4319 1310 4397 tenendam,
1335 4319 1434 4400 possi·

175 4428 316 4490 dandam
340 4427 457 4509 pariter
482 4441 513 4490 et
536 4427 717 4491 habendam
741 4449 777 4489 ac
802 4429 886 4490 iuxta
918 4427 1143 4489 condicionem
1166 4425 1301 4487 civitatis
1321 4444 1436 4507 preno-

175 4547 236 4596 tate
261 4535 303 4596 ab
328 4535 461 4616 antiquo
484 4535 725 4617 privilegialiter
748 4535 956 4617 approbatam
981 4552 1187 4615 quocumque
1209 4531 1347 4593 voluerit
1375 4530 1437 4591 dis-

177 4640 374 4724 ponendam.
400 4641 432 4702 ln
466 4641 556 4703 cuius
589 4643 633 4704 rei
657 4641 857 4719 memoriam,
887 4641 1133 4720 firmitatemque
1157 4652 1343 4721 perpetuam
1367 4657 1437 4720 pre-

177 4749 320 4810 sentibus
341 4747 483 4828 sigillum
508 4761 651 4810 nostrum
676 4767 848 4809 commune
872 4747 1021 4808 duximus
1041 4745 1301 4828 appendendum.
1319 4743 1436 4805 Datum

178 4855 255 4917 feria
279 4853 378 4917 tercia
402 4869 473 4937 post
498 4853 612 4916 festum
632 4855 731 4916 sancti
749 4853 903 4915 lohannis
919 4853 1064 4935 baptiste.
1082 4857 1177 4912 Anno
1194 4849 1317 4911 domini
1335 4849 1438 4910 mille-

179 4965 260 5025 simo
284 4961 545 5043 quingentesimo
570 4975 694 5044 quarto

284 5067 423 5133 Originale
444 5069 468 5118 iu
492 5067 690 5122 membranad
715 5071 793 5132 tergo
819 5065 979 5132 impressum
1007 5070 1047 5115 est
1069 5062 1193 5130 sigillum.
1216 5061 1242 5112 ln
1262 5059 1358 5112 urohlv.
1379 5059 1437 5112 luel.

181 5159 272 5213 houad.
290 5159 391 5212 Solent.
411 5155 512 5210 Slavor.
532 5158 624 5210 merid.
