3732 5802
570 508 642 567 Doc.
666 519 733 581 112,
760 518 826 582 113.
851 539 894 550 -
917 506 974 565 An.
999 516 1083 580 1515.

195 613 609 620 *ψη-.-
681 613 760 618 ———

788 733 864 798 112.

300 856 375 906 Anno
400 855 474 916 151⁵,
495 857 537 906 27.
554 855 620 921 julii.
641 854 797 920 Zagrablae.

193 964 302 1037 legati
329 965 451 1038 capituli
471 964 591 1037 sagrob.
614 965 767 1022 ostendunt
787 983 886 1022 verone
908 975 1008 1023 metam
1032 973 1141 1023 meatus
1165 965 1355 1022 Mednednico
1370 966 1464 1041 fluuii

193 1071 270 1127 inter
289 1071 421 1127 balneum
438 1071 721 1128 Praebendoriorum
742 1079 771 1128 et
787 1071 978 1130 molendinum
992 1073 1155 1145 praepositi
1171 1073 1281 1128 ecclesie
1295 1091 1321 1136 s.
1332 1072 1460 1132 Mariae.

306 1213 397 1272 1515.
423 1191 475 1252 die
501 1211 574 1252 vero
598 1190 725 1253 XXVll.
744 1191 863 1253 mensis
887 1192 974 1254 Julii.
991 1191 1231 1254 Convenientes
1254 1193 1462 1273 personaliter

195 1298 403 1360 honorabiles
434 1297 557 1359 domini
591 1298 792 1380 prebendarii
822 1297 909 1360 chori
939 1299 1071 1386 ecclesie
1099 1299 1314 1380 zugrabiensis
1337 1319 1373 1359 ex
1399 1318 1462 1360 una

195 1419 227 1464 et
258 1403 410 1465 dominus
443 1403 625 1465 Demetrius
656 1405 836 1486 prepositus
863 1406 954 1466 beate
979 1405 1112 1486 virginis
1136 1404 1175 1465 de
1199 1424 1271 1465 area
1296 1403 1461 1487 capitulari

195 1510 339 1592 partibus
370 1530 408 1571 ex
440 1509 537 1571 altera
569 1529 707 1572 unacum
741 1511 833 1572 certis
866 1511 1006 1572 dominis
1038 1511 1266 1593 capitularibus
1298 1530 1354 1592 per
1377 1510 1461 1591 capi·

197 1616 303 1676 tulum
340 1615 445 1676 missis
479 1629 510 1677 et
545 1614 709 1678 destinatis
743 1617 783 1679 ad
820 1616 972 1678 balneum
1005 1615 1223 1698 predictorum
1256 1615 1463 1677 dominorum

198 1720 486 1803 prebendariorum
510 1721 550 1782 ad
574 1721 783 1784 revidendum
808 1735 838 1784 et
862 1721 1100 1784 reformandam
1123 1735 1241 1784 metam
1266 1735 1389 1783 meatus
1405 1721 1463 1782 flu-

198 1826 295 1887 minis
320 1826 563 1889 Medwednicza
589 1829 704 1906 vocati,
723 1827 805 1889 inter
828 1828 979 1890 balneum
1004 1826 1162 1910 prelatum
1187 1841 1218 1889 et
1241 1827 1465 1889 molendinum

198 1933 329 2014 preteeti
355 1932 478 1994 domini
503 1932 656 1994 Demetrii
681 1934 833 2016 prepositi
858 1934 1065 2014 decurrentis,
1082 1954 1176 2016 super
1197 1954 1260 2016 qua
1277 1946 1367 1995 erant
1383 1933 1465 2012 lites,

199 2039 394 2119 questiones,
418 2038 667 2122 differencieque
698 2054 729 2102 et
760 2040 918 2102 discordie
951 2060 1059 2102 coram
1092 2039 1207 2102 eodem
1239 2039 1381 2122 capitulo
1410 2058 1466 2121 per

198 2144 357 2227 predictas
387 2159 491 2227 partes
518 2159 614 2208 mote.
641 2145 842 2229 Quiquidem
866 2146 1032 2209 reverendi
1057 2146 1247 2228 capitulares
1272 2145 1463 2226 infrascripti

199 2250 231 2311 in
256 2271 358 2312 unum
386 2251 622 2330 convenientes,
646 2253 846 2334 presentibus
874 2253 1017 2334 partibus
1041 2252 1127 2333 ipsis,
1152 2271 1271 2330 veram,
1295 2251 1411 2332 justam
1435 2263 1467 2312 et

200 2357 390 2418 omnimode
423 2357 571 2438 equalem
602 2371 722 2419 metam
754 2359 911 2440 prenotati
942 2371 1066 2419 meatus
1099 2371 1129 2418 et
1152 2357 1294 2418 fluminis
1321 2355 1467 2418 ostende-

201 2476 274 2524 runt
297 2475 328 2524 et
353 2463 662 2543 demonstraverunt,
687 2484 727 2525 ne
759 2464 911 2548 deinceps
942 2465 1050 2546 aliqua
1082 2463 1120 2525 lis
1149 2477 1179 2526 et
1203 2463 1361 2525 discordia
1386 2463 1467 2524 inter

201 2567 339 2650 prelatas
369 2581 474 2651 partes
507 2570 693 2648 exoriretur,
726 2571 881 2652 quoniam
913 2583 1058 2652 tempore
1091 2569 1338 2632 innundacionis
1370 2587 1468 2650 aqua·

202 2694 272 2736 rum
307 2688 443 2756 utraque
475 2696 548 2758 pars
583 2676 761 2758 dampnum
797 2696 862 2739 non
898 2675 1093 2738 mediocrem
1126 2675 1190 2757 pati
1214 2688 1331 2757 posset,
1354 2675 1378 2736 si
1403 2693 1468 2735 non

203 2793 402 2862 purgaretur,
436 2801 475 2843 eo
499 2781 598 2843 modo
622 2797 718 2865 prout
741 2797 787 2844 est
816 2797 990 2861 ostensum,
1014 2781 1146 2864 pretacti
1170 2780 1311 2842 fluminis
1335 2793 1468 2841 meatus.

205 2886 307 2969 Super
339 2887 457 2969 quibus
487 2901 561 2949 sunt
591 2889 755 2986 protestati
784 2887 986 2970 prebendarii
1012 2887 1211 2969 presentibus
1235 2885 1356 2947 ibidem
1381 2905 1468 2946 reve-

98 3023 110 3042 ·
204 2992 311 3054 tendis
347 3007 378 3054 et
413 2991 659 3056 honorabilibus
694 2993 851 3056 dominis:
887 2993 1116 3056 Bartholomeo
1148 2985 1288 3071 cantore,
1324 2991 1470 3054 Johanne

204 3099 409 3177 camarcensi,
443 3097 601 3182 Gregorio
625 3101 757 3179 Waska,
791 3099 1023 3162 archidiaconis
1056 3119 1091 3160 ac
1124 3097 1224 3160 Paulo
1248 3097 1391 3181 Roycha,
1417 3099 1471 3159 Jo-

204 3203 308 3265 hanne
340 3205 380 3267 de
404 3205 609 3284 Warasdino,
633 3206 769 3268 Nicolao
793 3206 833 3268 de
857 3206 997 3288 Zynche‚
1022 3205 1115 3266 Petro
1140 3203 1273 3287 Rypach
1298 3204 1471 3283 canonicis,

205 3330 262 3372 nec
280 3331 345 3372 non
364 3311 457 3372 Petro
474 3312 573 3373 sancti
591 3313 756 3392 leronimi,
774 3311 919 3374 Johanne
939 3325 1045 3374 sancte
1063 3311 1189 3390 Ursule,
1207 3311 1308 3372 altero
1325 3309 1471 3372 Johanne

206 3433 312 3478 sancte
345 3415 527 3495 Catherine,
559 3417 724 3496 altaristis3
759 3418 922 3501 Stephano
955 3419 1091 3496 literat0,
1120 3417 1293 3478 Ambrosio
1325 3415 1471 3476 barberio

206 3533 236 3582 et
260 3522 355 3583 Petro
380 3521 491 3604 Radey
515 3523 555 3584 de
580 3525 721 3586 Abbacia
746 3523 954 3586 dominorum
977 3523 1232 3606 zagrabiensium
1256 3521 1296 3582 ad
1320 3521 1472 3604 premissa
1552 3583 1553 3588 ,

206 3628 337 3689 vocatis.
362 3632 440 3690 Acta
464 3643 537 3690 sunt
561 3629 619 3691 hec
643 3643 674 3692 et
698 3630 779 3693 facta
804 3651 899 3710 anno,
925 3630 987 3709 die,
1013 3630 1130 3712 quibus
1154 3649 1259 3711 supra.

545 3736 656 3798 Petrus
680 3737 720 3798 de
745 3737 935 3820 Petrowyna
960 3737 1102 3798 notarius
1129 3736 1161 3796 in
1185 3733 1357 3817 premissis,
1381 3753 1424 3796 m.
1442 3754 1472 3815 p.

314 3856 450 3922 originale
470 3859 495 3909 ln
513 3859 613 3924 charta,
634 3858 659 3911 in
680 3861 778 3911 archiv.
798 3862 926 3912 honorab.
948 3860 1066 3925 collegii.
1088 3859 1349 3910 Praebendariorum.

805 4108 881 4174 113.

317 4228 392 4278 Anno
415 4227 490 4292 1515,
511 4231 552 4283 30.
571 4191 700 4282 octobris.
719 4229 875 4296 Zagrabiae.

209 4337 237 4392 Α
268 4338 394 4408 capitulo
426 4339 609 4410 regrediensi
629 4341 772 4414 fundatio
794 4343 824 4397 in
848 4360 930 4398 usum
952 4342 1060 4398 altoris
1082 4360 1120 4400 ss.
1148 4342 1302 4398 Trinitatis
1324 4342 1476 4398 constituta

212 4444 328 4518 ejusque
356 4445 531 4502 condiciones
560 4464 580 4501 o
610 4445 753 4520 Gregorio
775 4447 885 4506 archril.
911 4449 944 4504 de
968 4448 1064 4504 Vaska
1079 4447 1242 4522 fiendotore
1264 4465 1325 4506 curn
1349 4445 1477 4520 Georgr'o

510 4552 725 4624 praebendarii>
748 4553 913 4625 designatae
934 4555 1167 4626 comprobantur.

317 4671 385 4732 Nos
415 4671 592 4752 capitulum
621 4673 753 4735 ecclesie
782 4675 1006 4754 zagrabiensis.
1032 4675 1188 4736 Memorie
1213 4674 1477 4736 commendamus

212 4789 321 4837 tenore
345 4778 546 4857 presencium
570 4777 784 4860 significantes
804 4780 920 4860 quibus
943 4779 1071 4862 expedit
1091 4780 1256 4842 universis.
1284 4779 1381 4852 Quod
1405 4799 1478 4840 cum

214 4899 271 4942 nos
304 4881 382 4943 leria
410 4883 521 4964 quinta
545 4897 619 4946 ante
643 4883 757 4944 festum
782 4885 864 4946 beati
891 4885 1044 4946 lobannis
1068 4887 1202 4968 baptiste
1226 4897 1355 4967 propter
1379 4897 1478 4947 certas

215 5005 323 5048 causas
354 5001 386 5050 et
416 4987 515 5050 ardua
546 4990 680 5072 negocia
715 5003 821 5051 nostra
854 5003 884 5052 et
915 4991 1047 5052 ecclesie
1079 5005 1185 5053 nostre
1217 4991 1415 5074 expedienda
1438 4990 1477 5052 ad
