3900 5804
786 465 875 526 Add:
899 469 974 525 Ana.
1001 481 1089 545 1500.
1516 491 1577 555 329

989 577 1043 581 .-—
1085 577 1128 582 -.
1144 577 1462 586 ...-——..-.-—-..--
1495 580 1577 587 ———·

312 695 452 777 quedam
476 695 580 756 littere
604 694 803 758 honorabilis
826 709 1004 758 conventus
1031 699 1217 760 monasterii
1254 700 1336 762 beati
1368 701 1502 763 Adriani
1537 702 1576 762 de

314 801 401 881 Zala,
437 801 555 882 quibus
587 801 805 864 mediantibus
838 802 958 863 nobilis
993 802 1125 865 domina
1162 805 1271 885 Lucia,
1295 807 1404 868 relicta
1439 807 1577 869 condam

314 907 454 970 Ladislai
475 907 517 968 de
542 905 686 985 Zemthe,
711 908 827 969 totales
851 909 1021 989 porciones
1044 929 1117 971 suas
1149 913 1414 992 possessionarias
1445 913 1478 974 in
1502 932 1575 995 pos-

312 1014 508 1076 sessionibus
532 1014 733 1093 Jakcbowcz,
751 1014 1039 1094 Zenth·Kelemen,
1064 1016 1286 1100 Cheperlincz,
1311 1019 1521 1082 Emrehowcz
1546 1033 1577 1081 et

313 1121 481 1202 Zwynwsa
505 1133 644 1200 vocatas,
668 1121 803 1182 omnino
827 1121 860 1182 in
885 1122 1040 1184 comitatu
1063 1124 1202 1184 Warasd
1234 1125 1413 1205 existentes,
1438 1125 1573 1206 habitas,

312 1227 408 1288 simul
433 1245 506 1288 cum
529 1227 651 1288 cunctis
676 1227 741 1288 suis
765 1227 957 1290 utilitatibus
973 1241 1004 1289 et
1021 1229 1226 1311 pertinenciis
1243 1231 1450 1312 quibuslibet,
1469 1233 1574 1294 eidem

312 1333 454 1416 capitulo
477 1333 609 1395 ecclesie
634 1333 849 1415 zagrabiensis
872 1334 931 1395 sub
964 1335 1057 1397 certis
1088 1336 1249 1415 clausulis,
1274 1337 1414 1399 articulis
1446 1351 1477 1398 et
1500 1357 1574 1400 con-

312 1439 495 1501 dicionibus
518 1438 652 1502 inlerius
676 1441 708 1500 in
732 1453 844 1501 tenore
868 1440 1042 1502 earundem
1067 1441 1243 1504 litterarum
1268 1443 1423 1525 expressis
1447 1457 1477 1505 et
1501 1463 1570 1526 spe·

312 1544 452 1625 cificatia,
477 1545 509 1606 in
534 1559 721 1627 perpetuam
746 1545 957 1608 elemosinam
980 1547 1105 1608 dedisse
1130 1561 1161 1608 et
1176 1549 1362 1610 contullisse
1386 1549 1573 1629 dinoscitur,

310 1652 431 1714 tenoris
454 1649 654 1734 infrascripti.
690 1651 911 1734 Supplicatum
944 1653 1051 1734 itaque
1085 1654 1187 1715 extitit
1217 1672 1276 1736 pro
1307 1667 1395 1736 parte
1429 1655 1574 1718 eiusdem

312 1759 443 1842 capituli
465 1758 679 1839 zagrabiensis
702 1758 878 1839 humiliter,
904 1773 938 1821 ut
962 1761 1091 1822 easdem
1127 1761 1247 1822 litteras
1282 1761 1357 1822 dicti
1394 1775 1571 1823 conventus

311 1865 350 1926 de
375 1865 451 1927 Zala
476 1879 510 1927 et
531 1865 640 1926 omnia
664 1866 696 1927 in
721 1866 766 1927 eis
790 1877 939 1927 contenta
963 1880 1055 1945 ratas,
1071 1881 1176 1948 gratas
1193 1880 1224 1929 et
1240 1881 1384 1950 acceptas
1408 1867 1572 1946 habentes,

311 1972 423 2033 litteris
446 1971 562 2034 nostris
586 1971 841 2054 privilegialibus
873 1971 969 2034 inseri
993 1987 1024 2034 et
1056 1973 1185 2034 inscribi
1221 1972 1383 2052 facientes,
1412 1973 1573 2056 premissis

310 2078 437 2140 dacioni
463 2092 494 2139 et
518 2077 687 2140 collacioni
705 2091 850 2139 nostrum
867 2079 992 2160 regium
1009 2098 1199 2142 consensum
1218 2080 1349 2161 prebere
1367 2078 1572 2160 dignaremur

310 2184 505 2246 benevolum
529 2183 647 2266 pariter
681 2195 712 2244 et
747 2203 920 2246 assensum.
955 2184 1235 2266 Quarumquidem
1271 2185 1448 2247 litterarum
1481 2197 1573 2246 tenor

309 2290 382 2352 talis
407 2304 471 2351 est:
497 2291 564 2351 Nos
588 2302 765 2352 conventus
789 2291 973 2352 monasterii
999 2291 1083 2353 beati
1109 2291 1242 2353 Adriani
1266 2291 1405 2353 martiris
1429 2291 1468 2353 de
1485 2291 1571 2355 Zala.

310 2397 466 2459 Memoris
491 2395 756 2458 commendamus
779 2409 889 2458 tenore
914 2399 1115 2479 presencium
1143 2396 1357 2479 significantes
1379 2398 1496 2479 quibus
1520 2419 1571 2459 ex·

309 2503 398 2585 pedit
420 2503 587 2580 universis,
612 2501 700 2584 quod
718 2503 836 2564 nobilis
853 2503 985 2564 domina
1010 2504 1119 2582 Lucia,
1136 2504 1243 2565 relicta
1268 2503 1406 2566 condam
1431 2503 1572 2566 Ladislai

309 2610 348 2671 de
372 2609 515 2689 Zemthe,
536 2610 688 2671 oneribus
704 2623 734 2670 et
751 2609 917 2690 quibusvis
932 2611 1173 2692 gravaminibus
1189 2610 1411 2672 universorum
1427 2607 1571 2689 fratrum,

308 2718 531 2800 proximorum
555 2729 585 2777 et
619 2715 934 2797 consanguineorum
967 2735 1099 2778 suorum
1124 2717 1156 2777 in
1187 2716 1373 2798 subscriptis
1407 2735 1503 2797 supet
1537 2733 1570 2778 se

308 2842 483 2901 assumens,
508 2841 615 2884 coram
640 2821 733 2883 nobis
755 2822 964 2904 personaliter
988 2823 1169 2902 constituta,
1187 2835 1299 2905 sponte
1325 2835 1355 2883 et
1371 2823 1471 2884 libere
1495 2841 1570 2883 con·

308 2928 390 2991 fessa
414 2943 461 2990 est
484 2929 516 2990 in
541 2927 626 2990 hunc
649 2929 801 2990 modum:
827 2921 994 3010 quomodo
1020 2929 1087 3010 ipsa
1120 2931 1162 2990 ob
1183 2929 1272 2990 illam
1296 2948 1384 3011 spem
1419 2943 1449 2990 et
1473 2929 1569 2990 devo·

308 3036 435 3098 cionem
459 3053 560 3113 suam,
585 3053 682 3115 quam
707 3035 774 3116 ipsa
798 3055 873 3116 erga
897 3049 1041 3097 sanctum
1064 3055 1172 3116 regem
1197 3035 1405 3117 Stephanum,
1430 3035 1462 3095 in
1480 3035 1571 3096 cuius

308 3141 440 3203 nomine
465 3141 641 3202 ethonore
666 3140 859 3202 kathedralis
876 3143 1009 3203 ecclesia
1033 3143 1248 3222 zagrabiensis
1272 3139 1404 3203 fundata
1429 3140 1496 3202 lore
1521 3141 1569 3201 di·

307 3249 458 3326 noscitur,
481 3247 572 3328 gerit,
595 3247 710 3308 totales
734 3247 902 3329 porciones
933 3267 1005 3310 suas
1036 3248 1301 3329 possessionarias
1333 3247 1364 3308 in
1396 3247 1569 3328 possessio·

307 3355 401 3416 nibus
440 3353 640 3434 lalrchowcz,
682 3355 763 3414 Zent
802 3353 976 3434 Kelemen,
1012 3354 1252 3436 Cheperlyncz,
1289 3353 1499 3414 Emrehowcz
1539 3365 1570 3413 et

307 3461 475 3543 Zwynwsa
500 3472 637 3538 vocatas,
660 3459 797 3521 omnino
819 3461 851 3520 in
889 3461 1042 3521 comitatu
1077 3461 1117 3522 de
1141 3460 1261 3522 Varasd
1297 3459 1476 3537 existentes,
1513 3457 1568 3519 ha-

307 3567 398 3646 bitas,
422 3585 495 3627 curn
520 3566 641 3628 cunctis
665 3565 838 3627 earundem
864 3567 1054 3628 utilitatibus
1078 3579 1108 3628 et
1131 3565 1336 3648 pertinenciis
1359 3564 1568 3644 quibuslibet,

305 3673 396 3735 terris
419 3672 541 3734 scilicet
564 3672 738 3733 arabilibus
763 3673 855 3734 cultis
879 3687 910 3733 et
926 3672 1064 3750 incultis,
1081 3672 1175 3752 agris,
1192 3671 1299 3753 pratis,
1316 3669 1452 3752 pascuis,
1469 3669 1567 3747 silvis,

306 3779 436 3856 rubetis,
460 3778 657 3856 nemoribus,
681 3779 783 3859 aquis,
808 3798 1029 3859 aquarumque
1054 3777 1251 3856 decursibus,
1275 3775 1481 3854 molendinis,
1499 3795 1567 3836 mo·

305 3885 577 3966 lendinorumque
601 3885 689 3962 locis,
715 3885 817 3945 vineis
841 3899 871 3946 et
902 3885 1069 3946 vinearum
1104 3882 1343 3966 promontoriis,
1379 3881 1569 3962 generaliter

305 4009 381 4052 vero
405 3991 623 4072 quarumlibet
645 3991 820 4052 utilitatum
844 3991 1018 4052 earundem
1045 3990 1279 4071 integritatibus
1296 3989 1410 4070 quovis
1427 3988 1568 4050 nominis
1637 4044 1641 4054 .

305 4097 464 4159 vocabulo
489 4097 633 4158 vocitatis
657 4097 697 4158 ad
721 4097 850 4158 easdem
874 4097 1042 4178 porciones
1070 4096 1335 4178 possessionarias
1366 4095 1406 4157 de
1438 4094 1506 4176 jure
1537 4105 1568 4155 et

305 4204 502 4284 abantiquo
527 4203 741 4284 spectantibus
766 4217 796 4264 et
819 4204 977 4286 pertinere
1007 4203 1208 4280 debentibus,
1239 4203 1335 4263 simul
1368 4221 1441 4262 cum
1477 4201 1566 4261 omni

305 4329 343 4370 eo
368 4309 447 4390 jure,
472 4329 537 4390 quo
563 4309 629 4391 ipsa
654 4309 820 4390 hucusque
845 4309 972 4370 easdem
1001 4309 1154 4370 tenuisset
1177 4322 1208 4370 et
1237 4307 1439 4390 possedisset,
1463 4307 1566 4368 hono-

305 4417 396 4478 rabili
422 4416 562 4498 capitulo
591 4415 674 4477 dicte
699 4415 830 4477 ecclesie
866 4416 1081 4497 zagrabiensis
1112 4435 1170 4498 pro
1206 4428 1358 4497 perpetua
1391 4412 1566 4474 elemosina

305 4523 454 4601 dedisset,
479 4521 629 4583 donasset
652 4535 683 4584 et
715 4522 924 4602 contullisset,
955 4523 1056 4584 immo
1088 4522 1185 4599 dedit,
1207 4521 1339 4582 donavit
1370 4533 1400 4581 et
1431 4518 1567 4580 contulit

303 4629 403 4689 nostri
428 4629 460 4689 in
485 4629 648 4710 presencia
673 4629 778 4690 eidem
804 4628 944 4710 capitulo
968 4627 1036 4709 jure
1067 4641 1222 4711 perpetuo
1254 4641 1285 4689 et
1316 4625 1566 4688 irrevocabiliter

305 4734 447 4814 tenendi,
483 4734 669 4817 possidendi
704 4735 820 4816 pariter
848 4749 878 4796 et
913 4733 1064 4812 habendi,
1088 4734 1143 4795 tali
1179 4734 1369 4796 condicione
1403 4731 1565 4793 interiecta

305 4841 478 4920 mediante,
503 4841 590 4922 quod
623 4841 736 4903 eadem
772 4841 904 4903 domina
939 4841 1037 4903 Lucia
1061 4841 1125 4902 vita
1159 4859 1216 4900 sua
1251 4840 1416 4901 dumtaxat
1449 4837 1566 4900 comite

306 4947 433 5009 easdem
458 4949 628 5030 porciones
651 4948 916 5030 possessionarias
940 4967 1013 5010 cum
1036 4945 1210 5008 earundem
1228 4945 1418 5008 utilitatibus
1442 4961 1472 5008 et
1495 4964 1565 5027 per-
