3808 5792
689 507 762 564 Doc.
788 521 859 581 203.
884 539 925 548 --
950 507 1005 564 An.
1028 501 1120 580 1526.

274 611 708 618 ffl-——=
760 613 850 618 -—--
1072 611 1271 618 —--—-—-...

857 732 947 798 203.

375 893 449 942 Anno
474 893 548 943 1526.
570 894 592 942 3.
613 893 775 955 septembris
804 889 960 956 Zagrablae.

276 1019 496 1092 Christopltoms
519 1019 553 1074 de
584 1019 827 1091 Frongepom'bas
860 1038 957 1093 comcs,
982 1020 1076 1077 clades
1109 1020 1254 1094 quosdam
1284 1021 1430 1092 copiarum
1465 1021 1538 1092 regi-

270 1145 356 1181 orum
380 1126 528 1196 nuntians,
554 1125 694 1197 ingentem
727 1126 882 1181 exercitum
915 1133 1016 1182 contm
1044 1125 1075 1181 T
1071 1143 1152 1182 urcos
1175 1145 1194 1180 a
1222 1145 1287 1198 rege
1321 1125 1419 1198 colligi
1439 1125 1537 1196 refert,

359 1250 506 1306 omnesque
528 1237 601 1300 orat,
625 1239 659 1287 ut
678 1233 807 1287 animum
830 1250 912 1288 suum
935 1233 1060 1304 erigant,
1075 1233 1191 1306 regique
1204 1232 1300 1305 fidem
1323 1239 1444 1292 servent.

376 1367 627 1452 Christophorus
644 1371 683 1432 de
709 1372 983 1452 Frangapanibus,
1002 1372 1130 1452 Segnie,
1148 1372 1287 1452 Weglie,
1308 1370 1536 1451 Modrusieque

271 1495 378 1536 comes
402 1489 460 1538 etc.
487 1477 673 1558 Magnificis,
709 1478 846 1558 egregiis
870 1491 900 1538 et
930 1478 1095 1539 nobilibus
1126 1478 1277 1556 dominis,
1312 1478 1416 1539 tocius
1447 1475 1537 1558 regni

273 1582 438 1661 Slauonie,
470 1583 611 1644 dominis
647 1584 795 1644 videlicet
831 1597 861 1645 et
895 1584 1006 1644 amicis
1044 1583 1259 1659 honorandis;
1297 1584 1371 1644 item
1408 1581 1537 1644 alterius

275 1687 413 1749 cuiusvis
437 1703 534 1749 status
559 1704 590 1750 et
611 1689 813 1770 preemencie
838 1690 1034 1767 hominibus,
1067 1703 1229 1771 presentes
1261 1689 1385 1766 visuris,
1410 1689 1538 1750 lecturis
1594 1750 1598 1758 ,

275 1808 304 1855 et
328 1794 517 1876 inspecturis
540 1794 675 1856 salutem
700 1815 773 1856 cum
806 1795 928 1856 honore
976 1796 1139 1856 Noveritis
1163 1815 1221 1857 nos
1256 1815 1320 1856 non
1350 1795 1418 1855 sine
1449 1793 1537 1874 gravi

273 1900 372 1961 animi
396 1900 495 1961 nostri
519 1899 726 1981 displicencia
753 1900 910 1983 accepisse
928 1901 1086 1981 quosdam
1104 1901 1254 1962 dominos
1269 1899 1448 1981 regnicolas
1464 1919 1537 1961 cunr

271 2007 419 2086 gentibus
443 2007 528 2088 regie
553 2007 736 2085 Maiestatis,
749 2006 873 2068 domini
898 2007 996 2068 nostri
1018 2007 1256 2088 graciosissimi,
1272 2019 1376 2088 preter
1392 2020 1533 2067 mentem

273 2127 303 2172 et
326 2111 525 2174 voluntatem
549 2132 605 2173 sue
631 2112 815 2190 Maiestatis,
829 2113 1009 2175 inconsulte
1027 2127 1057 2174 et
1074 2113 1283 2174 indeliberate
1308 2125 1406 2173 castra
1424 2113 1538 2173 cesaris

275 2218 482 2280 Thurlrarum
506 2218 633 2300 pridem
658 2219 821 2296 invasisse,
846 2232 877 2279 et
901 2218 975 2280 inde
993 2239 1049 2300 per
1066 2218 1212 2280 infideles
1229 2219 1420 2301 insperatam
1438 2237 1537 2298 quan-

274 2323 347 2384 dem
372 2337 510 2406 stragem
537 2325 568 2386 in
603 2324 725 2385 eisdem
759 2325 917 2405 gentibus
940 2344 995 2386 sue
1031 2325 1205 2386 Maiestatis
1237 2324 1419 2406 sumpsisse,
1453 2323 1539 2384 unde

274 2449 329 2491 sue
354 2431 528 2492 Maiestatis
552 2431 654 2511 magis
684 2450 720 2490 ac
755 2431 857 2510 magis
881 2431 975 2492 rebus
1007 2443 1037 2492 et
1069 2430 1163 2492 saluti
1186 2451 1243 2493 sue
1274 2445 1304 2492 et
1336 2429 1537 2492 sudditorum

274 2556 465 2600 suorum.ac
489 2537 577 2618 regni
604 2550 634 2597 et
659 2556 745 2598 sacre
770 2556 888 2598 corone
912 2538 953 2598 ob
978 2536 1155 2599 feliciorem
1188 2552 1339 2600 eventum
1364 2550 1395 2598 et
1417 2536 1537 2598 stabili·

274 2655 370 2703 tatem
397 2643 519 2704 Budam
545 2663 654 2705 versus
677 2663 710 2704 se
735 2644 931 2722 contulisset,
954 2645 1008 2704 ubi
1034 2645 1161 2726 copiam
1184 2646 1333 2725 gencium
1351 2665 1416 2706 non
1433 2643 1538 2704 minus

275 2763 309 2809 ut
332 2749 419 2831 prius
451 2764 515 2812 tam
549 2749 589 2813 de
625 2749 776 2831 polonica
811 2771 907 2831 quam
940 2750 978 2811 de
1016 2751 1184 2811 bohemica
1218 2764 1313 2831 gente
1347 2751 1406 2810 sub
1441 2749 1538 2810 ductu

274 2854 435 2936 magnifici
460 2855 583 2917 domini
609 2854 740 2937 Georgii
760 2855 953 2916 marchionis
971 2857 1301 2938 Brandemburgensis
1325 2869 1382 2916 etc.
1400 2854 1440 2916 ad
1457 2855 1539 2915 latus

275 2975 305 3022 et
331 2959 473 3022 futurum
497 2961 676 3022 subsidium
702 2981 757 3021 sue
776 2961 948 3022 Maiestatis
972 2963 1180 3042 congessisse,
1205 2961 1411 3042 spectabilem
1437 2953 1537 3021 eciam

275 3079 306 3127 et
340 3066 544 3146 magnificum
580 3067 749 3127 dominum
789 3066 967 3128 lohannem
994 3069 1184 3150 wayvodam
1221 3068 1538 3128 Transilvaniensem

275 3193 348 3235 cum
373 3173 582 3254 quadraginta
608 3173 751 3256 millibus
773 3174 877 3253 gentis
900 3173 1085 3255 hungarice,
1118 3189 1260 3256 preterea
1289 3173 1537 3234 illustrissimum

276 3280 452 3362 principem
485 3279 654 3340 dominum
691 3279 931 3339 Ferdinandum
968 3279 1171 3340 archiducem
1208 3281 1344 3358 Austris,
1380 3279 1538 3340 sororium

275 3405 330 3446 sue
356 3385 529 3446 Maiestatis
553 3384 784 3463 charissimum,
799 3405 872 3445 cum
897 3377 1006 3444 multis
1030 3385 1174 3446 millibus
1199 3386 1342 3446 nacionis
1357 3385 1537 3466 germanice

276 3491 307 3551 in
332 3491 512 3552 subsidium
536 3492 718 3568 convenire,
743 3504 935 3572 paratosque
960 3510 1036 3551 esse.
1054 3492 1121 3551 Nos
1137 3511 1267 3572 quoque
1285 3511 1357 3552 curn
1373 3489 1537 3573 spectabili

276 3611 306 3658 et
331 3597 502 3679 magnifico
536 3596 670 3658 domino
697 3596 841 3657 lohanne
873 3596 1044 3677 Torquato
1069 3597 1184 3658 comite
1210 3597 1371 3658 Corbauie
1407 3610 1464 3656 etc.
1488 3594 1538 3656 hic

277 3703 430 3783 Zagrabie
454 3723 527 3764 cum
552 3723 649 3765 manu
674 3716 705 3764 et
729 3703 876 3785 potencia
901 3702 1017 3763 virium
1043 3716 1224 3764 nostrarum
1248 3703 1280 3763 in
1305 3702 1482 3764 subsidium
1508 3713 1538 3762 et

276 3810 480 3872 stabilitatem
506 3809 658 3872 felicioris
680 3825 811 3872 eventus
828 3823 858 3870 et
872 3813 973 3870 status
989 3830 1045 3870 sue
1064 3809 1236 3870 Maiestatis
1253 3823 1283 3870 et
1300 3809 1537 3890 proteccionem

278 3935 450 3996 regnorum
475 3936 606 3978 suorum
632 3915 726 3978 fuisse
759 3929 789 3976 et
820 3935 886 3975 esse
912 3913 1107 3995 profitemur,
1140 3928 1335 3996 quapropter
1363 3913 1538 3975 dominaci-

277 4043 354 4084 ones
376 4036 494 4084 vestras
523 4023 685 4084 talismodi
711 4041 801 4082 casus
830 4035 860 4081 et
885 4019 995 4081 infelix
1027 4033 1159 4082 eventus
1190 4021 1229 4081 ad
1263 4035 1438 4080 extremum
1472 4038 1536 4079 non

276 4143 401 4206 terreat,
427 4148 531 4209 neque
556 4129 588 4189 in
623 4127 883 4209 desperacionem
920 4126 1154 4206 quoquomodo
1186 4127 1325 4204 inducat,
1357 4125 1538 4207 quinimmo

277 4233 392 4294 habitis
416 4234 574 4295 mandatis
598 4248 628 4295 et
659 4233 925 4314 requisicionibus
949 4251 1004 4291 sue
1034 4232 1207 4292 Maiestatis
1238 4233 1354 4313 pariter
1385 4231 1425 4292 ad
1457 4231 1539 4292 latus

278 4353 308 4400 et
331 4340 509 4401 subsidium
535 4342 690 4420 eiusdem,
714 4340 880 4422 patrieque
905 4325 1126 4399 defensionem
1152 4359 1187 4399 ac
1204 4339 1314 4400 salutis
1331 4353 1362 4399 et
1378 4340 1537 4399 bonorum

278 4445 523 4507 eliberacionem
549 4447 658 4507 divina
680 4446 806 4506 favente
830 4443 1004 4504 clemencia
1040 4443 1150 4504 adesse
1183 4463 1400 4524 properemus,
1433 4442 1538 4503 horta-

279 4571 360 4629 mur,
382 4571 438 4612 sue
464 4553 620 4613 Maiestati
645 4565 675 4613 et
699 4573 755 4634 per
779 4569 979 4630 consequens
1003 4569 1089 4609 sacre
1115 4569 1232 4611 corone
1257 4549 1345 4630 regni
1371 4548 1536 4629 Hungarie
1624 4561 1628 4568 '

278 4677 459 4739 sumpnram
486 4672 653 4739 propterea
678 4658 860 4719 felicitatem
893 4669 1076 4716 ostensuros
1108 4668 1138 4716 et
1171 4655 1378 4716 exhibituros.
1407 4655 1536 4716 Presen·
