3808 5792
428 517 485 578 188
842 521 916 578 Doc.
942 530 1006 594 151.
1031 551 1071 561 -
1096 520 1152 577 An.
1178 515 1266 594 1518.

424 745 503 806 mini
539 765 595 826 per
619 745 763 806 Vestram
788 747 985 808 sentenciam
1017 745 1220 809 diffinitivam
1255 749 1432 830 approbare
1463 759 1493 808 et
1526 749 1693 825 roborare,

423 865 588 932 tamquam
612 851 767 932 legittime
791 851 900 930 latam,
924 852 1226 934 condempnareque
1245 852 1385 914 eundem
1401 851 1602 914 Demetrium
1619 873 1693 935 pre-

423 958 563 1038 positum
587 957 627 1018 ad
652 957 840 1019 instanciam
865 958 1072 1020 dominorum
1106 958 1389 1040 prebendariorum
1421 958 1453 1018 in
1486 959 1634 1040 expensis
1658 959 1692 1019 in

423 1063 481 1124 bac
506 1083 599 1124 causa
624 1082 729 1124 coram
756 1064 867 1145 primis
892 1063 1052 1145 judicibus
1082 1079 1113 1125 et
1145 1065 1273 1125 tandem
1298 1065 1331 1125 in
1358 1065 1496 1126 secunda
1530 1066 1690 1126 instancia

424 1169 577 1250 Strigonii
602 1183 632 1230 et
657 1169 689 1230 in
714 1169 800 1230 curia
825 1189 957 1231 romana
982 1185 1013 1232 et
1037 1170 1116 1232 alias
1140 1171 1315 1232 successive
1340 1169 1430 1232 factis
1446 1185 1575 1252 propter
1600 1171 1690 1230 inde-

424 1275 522 1346 bitam
547 1275 823 1354 molestationem,
842 1276 938 1336 salvis
961 1276 1032 1337 aliis
1063 1276 1212 1358 dampnis
1236 1289 1266 1337 et
1290 1275 1414 1357 injuriis
1437 1295 1495 1336 nec
1519 1295 1584 1336 non
1609 1277 1690 1337 inte-

423 1401 517 1460 resse,
541 1401 604 1462 que
627 1381 691 1462 pati
717 1382 894 1442 noluissent
918 1401 975 1464 pro
998 1381 1143 1451 ducentis
1176 1383 1315 1462 florenis,
1340 1402 1402 1464 que
1435 1381 1544 1443 omnia
1577 1396 1691 1464 petunt

422 1487 564 1566 limitari,
589 1501 620 1549 et
643 1469 782 1550 eundem
808 1488 1008 1550 Demetrium
1039 1490 1238 1572 prepositum
1270 1488 1511 1571 condempnari,
1548 1501 1690 1549 vestrum

423 1592 565 1656 officium
590 1593 771 1655 humillime
795 1595 1014 1677 implorantes.

529 1733 666 1801 Originale
686 1735 711 1785 ln
731 1736 830 1800 charta,
850 1737 875 1786 in
895 1737 992 1789 archiv.
1014 1737 1066 1788 bon
1088 1738 1184 1802 colleg.
1205 1735 1468 1787 Praebendariorum.

1022 2017 1096 2082 151.

535 2175 611 2226 Circa
630 2191 669 2228 an.
695 2175 772 2227 1518.
792 2174 948 2240 Zagrabiae.

437 2301 629 2360 Corrrmunr'tas
650 2304 775 2361 civrlotr's
791 2303 879 2360 Petro
902 2304 1069 2361 Berirlauil
1086 2305 1171 2378 bono,
1184 2305 1217 2362 ck
1239 2323 1295 2378 quo
1307 2305 1387 2361 rnala
1396 2305 1487 2379 sama
1498 2305 1689 2377 prorrebruiq

802 2411 882 2467 reci
902 2428 959 2467 csse
982 2410 1127 2468 addictam
1151 2418 1305 2470 asseverat.

532 2552 598 2611 Nos
622 2551 715 2631 judex
740 2571 776 2612 ac
800 2550 905 2631 jurati,
930 2551 1090 2632 ceterique
1114 2552 1198 2612 cives
1219 2565 1250 2611 et
1275 2550 1379 2612 incole
1404 2551 1540 2611 civitatis
1557 2551 1690 2611 Montis·

424 2657 595 2737 grecensis.
632 2657 753 2718 Damus
784 2676 843 2739 pro
874 2657 1041 2736 memoria,
1074 2657 1192 2738 quibus
1225 2657 1353 2739 expedit
1389 2657 1556 2718 universis.
1594 2657 1691 2729 Quod

425 2763 498 2824 licet
521 2783 580 2824 nos
602 2761 662 2823 biis
685 2763 905 2844 superioribus
929 2763 1043 2825 diebus
1067 2764 1176 2825 audita
1202 2763 1341 2845 quadam
1365 2761 1461 2841 fama,
1486 2781 1548 2843 que
1579 2762 1620 2822 de
1644 2781 1691 2822 re·

425 2868 656 2930 verendissimo
690 2869 720 2928 in
759 2867 888 2930 Christo
924 2881 1012 2950 patre
1038 2883 1068 2930 et
1092 2868 1237 2948 domino,
1262 2868 1395 2930 domino
1420 2868 1514 2929 Petro
1539 2867 1690 2948 episcopo

426 2975 558 3036 ecclesie
583 2974 831 3057 wesprimiensis
854 2995 890 3036 ac
914 2994 1086 3056 regnorum
1112 2975 1287 3053 Dalmacie,
1311 2973 1446 3036 Croacie
1471 2987 1502 3035 et
1518 2972 1690 3035 Sclauonie

428 3082 512 3142 bano
537 3094 607 3160 etc,
631 3081 765 3142 domino
789 3094 899 3143 nostro
924 3081 1206 3143 observantissimo
1230 3100 1287 3163 per
1310 3057 1481 3162 quospiam
1511 3079 1691 3140 malevolos

426 3188 529 3248 levata
553 3185 656 3248 fuerat
679 3201 709 3248 et
743 3189 902 3267 suscitata,
935 3188 974 3248 de
1007 3207 1063 3249 sua
1099 3179 1361 3248 reverendissima
1396 3185 1626 3247 dominacione
1661 3199 1690 3246 et

425 3294 493 3354 eius
517 3313 591 3374 erga
616 3313 675 3354 nos
699 3293 819 3374 favore,
844 3294 1067 3356 benivolencia
1091 3307 1122 3354 et
1145 3294 1240 3355 solita
1263 3292 1451 3354 defensione
1486 3305 1517 3352 et
1548 3291 1689 3352 tuicione

425 3400 613 3462 addubitare
637 3399 793 3462 fuerimus
816 3401 928 3462 coacti.
952 3400 1062 3481 ltaque
1089 3401 1234 3461 volentes
1265 3401 1304 3460 ab
1337 3419 1393 3460 sua
1425 3397 1689 3460 reverendissima

426 3506 651 3568 dominacione
674 3506 847 3589 superinde
870 3505 938 3567 fieri
963 3507 1129 3584 cerciores,
1165 3505 1340 3567 nonnullos
1375 3525 1412 3566 ex
1444 3504 1539 3565 nobis
1570 3503 1688 3584 juratos

425 3613 510 3674 cives
533 3612 573 3673 ad
598 3613 666 3673 eius
690 3612 990 3674 reverendissimam
1014 3612 1276 3673 dominacionem
1300 3610 1474 3672 mittendos
1498 3609 1687 3691 delegimus,

425 3719 534 3780 medio
558 3738 697 3800 quorum
733 3731 842 3801 aperte
876 3718 1096 3800 perspeximus
1127 3731 1158 3778 ct
1193 3719 1312 3798 absque
1342 3717 1431 3778 omni
1464 3716 1566 3777 dubio
1599 3717 1687 3777 intel·

424 3824 560 3885 leximus
582 3844 641 3906 pro
664 3838 762 3903 cerm,
785 3844 875 3886 suam
900 3823 1199 3886 reverendissimam
1223 3823 1483 3884 dominacionem
1507 3842 1616 3904 neque
1633 3841 1687 3883 no·

425 3931 485 4008 bis,
509 3931 563 3990 sed
587 3951 646 3992 nec
670 3930 740 3991 aliis
757 3930 955 4012 quibuslibet
971 3929 1120 3991 fidelibus
1137 3931 1223 4011 regie
1245 3930 1428 4008 Maiestatis,
1446 3929 1572 3990 domini
1590 3929 1685 3991 nostri

424 4035 648 4118 graciosissimi
673 4037 839 4119 quippiam
864 4036 996 4117 dampni
1020 4049 1074 4097 aut
1098 4037 1244 4098 molestie
1268 4035 1351 4097 velle
1376 4033 1491 4096 inferre
1508 4049 1564 4096 aut
1582 4033 1685 4096 inferri

425 4143 538 4222 facere,
563 4144 641 4224 quin
666 4143 778 4224 pocius
802 4156 897 4224 prout
919 4155 1012 4203 antea
1036 4142 1078 4202 ita
1103 4141 1253 4224 deinceps
1277 4161 1408 4222 quoque
1439 4160 1498 4222 pro
1524 4140 1608 4200 virili
1633 4159 1686 4200 sua

425 4269 550 4331 semper
574 4250 657 4311 velle
680 4248 852 4310 defendere
881 4263 912 4310 et
935 4249 1041 4327 tutari,
1066 4247 1099 4310 id
1123 4249 1212 4330 quod
1244 4249 1345 4309 eciam
1378 4267 1434 4330 per
1464 4267 1538 4308 suas
1570 4247 1687 4307 litteras

424 4354 643 4417 affiditatorias
669 4370 699 4417 et
722 4355 965 4416 assecuratorias
988 4355 1082 4416 nobis
1112 4353 1239 4415 abunde
1264 4352 1442 4434 significare
1466 4353 1617 4433 dignatus
1633 4365 1685 4413 est.

426 4461 478 4524 Ob
503 4463 563 4523 hoc
588 4483 647 4525 nos
671 4483 801 4545 quoque
824 4462 970 4523 nolentes
994 4481 1049 4522 sue
1084 4452 1348 4522 reverendissime
1381 4459 1601 4520 dominacioni
1633 4458 1685 4519 sli-

426 4589 522 4648 quam
549 4570 587 4630 de
612 4571 706 4631 nobis
730 4570 814 4631 male
839 4569 1040 4650 suspicionis,
1064 4569 1156 4629 sicuti
1181 4587 1286 4649 neque
1310 4566 1349 4627 de
1374 4566 1419 4628 eis
1436 4578 1481 4627 est
1498 4565 1685 4647 opinionem

426 4673 539 4754 facere,
564 4695 660 4737 omne
685 4676 888 4756 obsequium,
913 4675 1135 4736 obedienciam
1152 4686 1183 4734 et
1199 4673 1386 4734 fidelitatem
1406 4685 1478 4755 post
1494 4691 1578 4750 eam,
1592 4689 1684 4752 quam

426 4781 572 4862 inprimis
595 4783 682 4863 regie
707 4782 864 4843 Maiestati
885 4781 1019 4842 domino
1042 4793 1152 4842 nostro
1167 4779 1403 4862 graciosissimo
1420 4778 1587 4856 debemus,
1604 4777 1683 4838 dicto

425 4889 692 4949 reverendissimo
717 4888 851 4949 domino
875 4889 970 4950 Petro
994 4888 1144 4969 episcopo
1169 4901 1200 4948 et
1222 4888 1308 4948 bano
1331 4899 1362 4946 et
1386 4904 1450 4946 non
1479 4885 1570 4946 alteri
1595 4885 1681 4944 obtu-

426 4993 522 5055 limus
545 5009 576 5056 et
606 4995 822 5077 promisimus,
854 4995 1033 5076 obligantes
1063 4995 1286 5076 nosmetipsos,
1319 4993 1408 5074 quod
1439 4992 1465 5051 si
1500 4989 1582 5051 forte
1613 5007 1679 5050 casu
