3752 5806
853 532 925 592 Dor.
941 545 992 610 24.
1011 565 1050 574 -
1068 534 1124 591 Aa.
1143 544 1234 609 1504.

1023 757 1085 826 24.

523 915 598 969 Anno
618 913 694 980 1504,
716 916 738 967 l.
757 915 853 967 martii.
872 915 899 967 ln
918 916 983 968 villa
1000 916 1115 972 llarinci.

419 1077 559 1152 &gotum
583 1077 795 1150 Margaretlrce
815 1079 917 1138 nobilis
940 1080 981 1148 ,dc
1004 1079 1157 1139 Miklevac
1186 1082 1314 1141 ecclesiae
1336 1084 1509 1156 parochiali
1534 1103 1558 1144 s.
1583 1085 1683 1142 Marce

755 1193 783 1243 et
803 1187 974 1244 monasten'o
995 1185 1159 1245 Remetensi
1178 1189 1346 1262 armillum.

525 1352 598 1414 [tila
630 1367 703 1417 ama.
729 1336 810 1424 aua,
837 1369 854 1416 a
885 1337 957 1417 o‘rTc
989 1369 1006 1416 a
1038 1338 1129 1418 mna
1152 1339 1255 1420 offis.
1296 1373 1401 1425 amar.
1448 1358 1552 1422 duacu'
1584 1344 1683 1421 elic

418 1474 454 1520 a.
479 1454 516 1540 ψ.
540 1473 576 1519 vl.
601 1473 770 1536 massua,
787 1473 933 1522 canava
951 1475 1082 1523 masna
1100 1477 1205 1538 panos
1222 1462 1326 1542 msr',
1342 1479 1390 1530 aa
1417 1479 1482 1526 mc.
1506 1479 1683 1528 maurna-

422 1563 534 1626 msrcn’
551 1562 690 1640 [canar'.
715 1564 749 1626 n
776 1563 915 1642 ffiefl’tuffi
939 1581 1130 1630 mannasca
1146 1583 1375 1631 commeans.
1393 1575 1510 1637 trama
1527 1571 1683 1633 camma-

421 1671 534 1731 dnaaffi
559 1684 838 1754 mscaameracffi,
868 1686 1039 1735 emmaus
1066 1675 1179 1736 mama
1204 1689 1297 1736 macac
1322 1690 1349 1736 a
1373 1690 1495 1738 macca
1521 1691 1683 1752 macanos

420 1773 565 1836 nerran’
599 1773 877 1838 maumamarnn’
908 1777 969 1844 sou'
1009 1794 1112 1842 mersa
1148 1794 1281 1842 musca
1314 1781 1479 1842 eubaea.
1511 1797 1683 1856 saraptana

420 1879 677 1943 sumammam'
700 1897 816 1944 vernon
848 1867 988 1949 animam
1020 1900 1151 1952 mnata.
1183 1888 1229 1951 m.
1254 1887 1438 1954 amaccura
1471 1903 1507 1950 nn
1538 1888 1682 1966 ramam

420 1987 675 2064 mmeramme.
695 2003 731 2049 a.
749 1989 917 2056 mmccccl
934 1995 996 2057 tua
1014 2005 1117 2054 unua
1134 1990 1196 2058 κου’
1217 1991 1350 2073 manun',
1367 2007 1400 2054 re
1425 2007 1476 2054 nn
1500 2008 1563 2070 [osa
1581 1994 1683 2056 msam'

420 2107 520 2174 apra,
544 2108 577 2156 ra
601 2108 628 2164 a.
641 2109 689 2155 rc.
704 2108 828 2167 annau,
843 2109 944 2160 masa
962 2110 1080 2171 nccare
1106 2097 1364 2162 romannorum?
1388 2112 1555 2191 emensas.
1572 2115 1687 2167 mussa

421 2195 612 2282 dispansam
635 2215 671 2262 nn
705 2215 845 2267 samsona
880 2201 970 2264 cnan'
1004 2201 1169 2272 masar'va
1198 2203 1421 2282 c'cuamdbam',
1454 2211 1487 2271 tu
1523 2205 1686 2278 mansori,

421 2311 453 2373 ou
478 2303 636 2386 dbumam’,
659 2321 703 2367 nc
727 2321 762 2368 ra
788 2305 1041 2373 sffim'madbarm
1064 2313 1099 2374 tu
1122 2309 1432 2390 walbicensem,
1457 2315 1519 2377 oua
1551 2326 1681 2373 raucam

422 2416 665 2489 percurratur
689 2417 751 2479 tua·
777 2428 998 2476 curtamaltru
1023 2429 1135 2478 maun.

527 2519 600 2580 llllffi
636 2519 913 2581 nnffiuronffimaron’
954 2534 1075 2596 menae
1108 2535 1143 2584 nu
1169 2521 1408 2598 asseveratur
1439 2523 1684 2599 camesenus

422 2638 602 2686 masmanna
628 2639 730 2700 psam
755 2619 953 2709 mummola
978 2619 1156 2710 nutamus
1178 2641 1194 2689 a
1220 2627 1313 2704 psm’
1330 2642 1498 2689 mamaeam
1515 2643 1684 2691 cusanam

422 2745 439 2792 a
464 2729 557 2806 ptos’
582 2731 810 2792 matisconem
834 2733 1128 2796 aasvdlracnrucm.

527 2885 682 2952 (clergo),
704 2870 848 2932 Andreas
864 2871 996 2951 arcium,
1014 2872 1214 2934 decretorum
1232 2885 1263 2934 et
1278 2893 1365 2934 sacre
1381 2872 1544 2954 theologie
1563 2874 1686 2954 doctor,

422 2989 542 3054 centor,
566 2976 739 3037 canonicus
771 2989 802 3038 et
832 2979 969 3039 vicarius
1001 2978 1134 3046 ecclesie
1166 2979 1380 3060 zagrabiensie
1409 2979 1440 3040 in
1466 2979 1686 3060 spiritualibus

422 3081 612 3163 premissam¹
635 3083 763 3147 nemine
787 3084 1025 3146 contradicente
1050 3085 1131 3148 hanc
1147 3085 1417 3151 testamentariam
1434 3085 1686 3167 disposicionem

422 3187 588 3250 confirmo.
612 3223 654 3234 -
678 3189 859 3252 Bernardus
881 3190 965 3252 Petri
990 3191 1029 3253 de
1056 3189 1248 3270 Modrussi0,
1272 3191 1424 3254 notarius.

529 3345 664 3412 Originalc
683 3348 709 3398 in
728 3349 818 3400 abacta
837 3349 862 3398 in
880 3349 949 3402 arclu
968 3347 1135 3414 regnicolari,
1154 3363 1220 3400 nuuc
1239 3347 1372 3400 Pastinum
1391 3346 1514 3401 ablatum
1537 3349 1595 3404 Acti
1616 3365 1685 3404 mou.

423 3435 559 3492 kemethe.
580 3435 654 3488 Fasc.
673 3433 716 3487 lli.
736 3451 773 3488 nr.
795 3437 818 3488 7.
838 3465 870 3473 -
891 3436 909 3489 l.
929 3434 1091 3502 Kulruljevii.
1104 3437 1168 3490 Acta
1187 3433 1309 3490 crostica
1329 3449 1391 3501 pag.
1411 3436 1469 3500 185,
1492 3440 1550 3496 186,

528 3575 741 3641 approbatio
767 3576 865 3629 huius
889 3579 1099 3630 testamenti.
1130 3577 1185 3629 Nos
1214 3578 1331 3630 Andreas
1357 3577 1566 3644 archidiaconus,
1596 3579 1687 3632 artium

423 3667 590 3718 decretorum
609 3670 635 3716 et
654 3680 727 3718 sacre
746 3665 885 3732 theologie
905 3668 1006 3731 doctor,
1025 3671 1126 3732 cantor,
1140 3664 1279 3718 eanonicus
1300 3670 1326 3716 et
1345 3664 1458 3721 visseins
1472 3667 1585 3719 ecclesie
1599 3683 1688 3744 ragra-

423 3752 523 3806 biensis
553 3754 578 3804 lu
603 3751 794 3819 spiritualibus,
814 3769 1004 3820 causarumque
1029 3755 1134 3806 auditor
1159 3751 1300 3819 generalis.
1320 3753 1447 3806 Memoria
1472 3758 1686 3808 commendamus

423 3857 471 3907 per
489 3847 636 3907 presentes,
652 3844 721 3906 quod
732 3857 790 3894 nos
804 3858 914 3907 presens
928 3848 1123 3905 testamentum,
1139 3844 1268 3907 quondam
1282 3840 1379 3894 nubilis
1393 3843 1499 3896 domine
1512 3843 1687 3910 Margaretbe,

423 3929 516 3983 relicte
536 3927 633 3982 nobilis
648 3931 779 3995 quondam
793 3931 890 3983 domini
906 3931 1067 3982 Balthasaris
1083 3933 1115 3982 de
1130 3930 1301 3982 ldilrchovvecz
1315 3928 1393 3982 uobis
1407 3937 1530 3995 patenter
1542 3933 1686 3986 exhibitum

424 4025 450 4072 et
470 4021 502 4071 ad
520 4019 725 4070 confirmandum
744 4025 924 4084 presentatum
944 4019 1113 4084 perlegimus,
1131 4020 1328 4083 perlectumque
1348 4020 1555 4084 approbavimus
1577 4027 1603 4073 et
1617 4027 1687 4074 ante·

425 4123 502 4174 quam
522 4108 554 4159 ad
573 4106 800 4159 confirmacionem
820 4109 937 4173 ejusdem
958 4108 1183 4172 processissemus
1210 4105 1340 4158 universis
1359 4107 1600 4161 contradictoribus
1625 4111 1687 4174 suis,

424 4197 447 4248 si
461 4197 504 4261 qui
518 4195 587 4248 torte
602 4195 628 4246 in
642 4195 741 4247 diocesi
756 4195 931 4260 ragrabiensi,
942 4200 985 4246 aut
999 4196 1064 4246 alias
1079 4193 1225 4260 ubicunque
1237 4191 1414 4261 luissentper
1427 4194 1542 4248 edictum
1555 4198 1687 4262 publicum

423 4283 451 4336 in
475 4284 560 4336 valvis
585 4283 703 4348 predicte
730 4284 842 4336 ecclesie
867 4284 1048 4350 zcgrabiensis
1074 4283 1180 4334 affixum
1208 4281 1338 4347 publicari
1364 4287 1391 4333 et
1413 4267 1542 4336 insinuari
1572 4285 1687 4352 lecimus,

423 4370 589 4438 terminoque
607 4372 757 4430 huiusmodi
776 4373 931 4426 adveniente
951 4379 978 4424 et
997 4374 1069 4424 nullo
1089 4371 1193 4437 penitus
1220 4369 1414 4424 contradictore
1438 4379 1592 4439 apparente,
1620 4374 1687 4427 idem

423 4465 610 4512 testamentum
636 4463 722 4526 quoad
744 4476 834 4512 omnes
861 4462 917 4516 eius
937 4459 1071 4527 articulos,
1090 4461 1251 4526 legaciones,
1268 4461 1399 4512 clausulas
1426 4465 1452 4512 et
1471 4468 1569 4526 puncta
1592 4478 1687 4528 appro-

425 4549 554 4613 bavimus,
568 4548 753 4600 ratificavimus
774 4555 800 4600 et
819 4547 1038 4614 confirmavimus,
1050 4550 1129 4600 immo
1149 4551 1301 4613 probamus,
1312 4547 1470 4600 ratificamus
1490 4554 1518 4601 et
1531 4552 1686 4602 auctoritate

426 4634 559 4687 ordinaria
576 4636 760 4691 confirmamus
780 4639 828 4688 sub
849 4637 1025 4701 impressione
1045 4635 1126 4702 sigilli
1145 4637 1288 4689 vicariatus
1308 4641 1454 4688 memorate
1469 4639 1583 4690 ecclesie
1596 4653 1684 4704 ragra-

425 4722 525 4775 biensis
544 4738 602 4775 cum
621 4723 818 4789 subscripsione
838 4725 933 4776 notarii
947 4724 1044 4789 publici
1058 4728 1223 4776 roboramus.
1237 4722 1334 4775 Datum
1347 4722 1479 4790 Zagrabie
1493 4725 1560 4778 teria
1571 4729 1684 4778 secunde

425 4813 547 4876 proxima
572 4817 632 4863 ante
658 4813 753 4865 festum
779 4815 850 4865 beati
878 4813 988 4879 Georgii
1013 4815 1137 4866 martiris.
1159 4815 1232 4864 Anno
1260 4811 1366 4864 Domini
1393 4813 1536 4866 millesimo
1564 4815 1689 4880 quingen-

426 4901 524 4952 tesimo
545 4907 645 4966 quarto.

1236 4973 1354 5038 Joannes
1373 4973 1531 5025 Benedictus
1551 4975 1584 5024 de
1604 4975 1683 5026 Pades

1390 5045 1517 5096 notarius.
