3752 5806
443 793 550 842 nostre
583 771 862 856 Montisgrecensis
893 769 933 830 ad
965 765 1164 828 solucionem
1193 760 1409 842 predictorum
1433 754 1629 815 tributorum
1652 765 1709 807 seu

443 885 669 947 theloneorum
693 893 871 941 vestrorum
887 886 996 936 contra
1013 870 1150 932 formam
1166 865 1317 949 premisse
1341 864 1482 944 ipsorum
1504 853 1659 918 libertatis
1680 865 1712 913 et

444 989 662 1071 exempcionis
685 999 786 1048 artare
811 997 842 1044 et
866 978 1059 1062 compellere
1083 987 1137 1037 aut
1158 992 1213 1035 eos
1229 971 1280 1032 vel
1297 971 1440 1051 ipsorum
1456 965 1593 1026 alterum
1615 978 1712 1041 prop·

444 1111 529 1159 terea
561 1096 594 1156 in
618 1093 773 1176 personis,
790 1089 949 1168 rebusque
973 1097 1027 1146 aut
1050 1079 1216 1163 quibusvis
1237 1077 1329 1138 bonis
1346 1071 1523 1135 eorundem
1542 1064 1712 1148 impedire,

444 1205 572 1266 turbare
596 1200 648 1262 vel
672 1193 906 1280 quoquomodo
930 1186 1157 1271 dampnificare
1181 1201 1339 1264 nusquam
1363 1193 1393 1241 et
1413 1191 1620 1258 nequaquam
1640 1187 1712 1251 pre·

445 1307 611 1372 summatis
634 1325 692 1366 nec
715 1302 782 1363 sitis
798 1300 866 1362 ausi
883 1296 982 1359 modo
998 1292 1141 1374 aliquali,
1158 1290 1313 1372 quoniam
1329 1285 1474 1366 alioquin
1490 1277 1714 1343 commisimus

447 1429 477 1478 et
500 1412 701 1497 presentibus
724 1407 846 1470 firmius
866 1402 1056 1465 mandamus
1076 1398 1225 1460 fidelibus
1246 1395 1361 1456 nostris
1377 1390 1468 1453 banis
1480 1387 1532 1449 vel
1549 1381 1714 1446 vicebanis

446 1520 623 1583 eorundem
645 1533 816 1598 regnorum
833 1523 1015 1572 nostrorum
1033 1503 1202 1567 Sclavonie
1220 1517 1251 1564 et
1267 1499 1401 1564 Croacie
1417 1517 1453 1558 ac
1471 1491 1645 1555 comitibus
1660 1486 1714 1546 vel

446 1625 688 1688 vicecomitibus
719 1633 750 1682 et
781 1618 940 1680 iudicibus
970 1611 1128 1674 nobilium
1162 1623 1441 1692 quorumcumque
1465 1597 1713 1662 commitatuum

446 1729 623 1795 eorundem
647 1741 678 1790 et
701 1724 831 1809 pretacti
854 1720 943 1804 regni
967 1717 1066 1780 nostri
1091 1717 1268 1800 Hungsrie,
1284 1713 1492 1796 parciumque
1509 1703 1569 1765 sibi
1588 1699 1714 1762 subiec-

446 1853 551 1900 tarum
576 1837 608 1897 in
632 1834 749 1916 quibus
767 1831 887 1892 scilicet
903 1827 998 1889 huius
1014 1824 1155 1887 mandati
1172 1821 1272 1884 nostri
1289 1838 1345 1901 per
1362 1812 1549 1897 qnempiam
1565 1827 1603 1869 ex
1620 1803 1715 1866 vobis

446 1943 641 2006 contrarium
657 1951 874 2014 attentaretur,
890 1947 925 1996 ut
948 1933 1008 2015 ipsi
1033 1931 1164 1994 eosdem
1188 1929 1272 1990 cives
1288 1938 1319 1985 et
1336 1921 1457 1984 incolas
1474 1917 1558 1978 dicte
1575 1909 1714 1974 civitatis

447 2062 554 2112 nostre
579 2043 858 2126 Montisgrecensis
882 2041 915 2101 in
938 2037 1124 2100 huiusmodi
1148 2053 1260 2098 eorum
1288 2031 1434 2092 libertate
1457 2023 1578 2103 ubique
1603 2029 1715 2079 contra

448 2173 561 2217 omnes
596 2171 708 2214 eorum
744 2148 941 2230 impetitores
976 2157 1154 2227 protegere,
1192 2155 1282 2202 tuere
1318 2151 1349 2198 et
1383 2147 1572 2195 conservare
1592 2120 1717 2205 modis

448 2260 599 2321 omnibus
623 2257 760 2318 debeant
784 2268 815 2316 et
836 2265 1015 2329 teneantur,
1032 2250 1218 2312 auctoritate
1241 2257 1348 2308 nostra
1366 2237 1567 2324 presentibus
1585 2231 1663 2314 ipsis
1682 2229 1715 2289 in

448 2365 506 2427 hac
523 2377 611 2447 parte
629 2381 778 2425 concessa
796 2373 826 2421 et
843 2359 966 2420 iusticia
983 2356 1155 2418 mediante.
1172 2352 1270 2414 Aliud
1287 2369 1352 2412 non
1369 2343 1493 2408 facturi.
1509 2335 1717 2402 Presentibus

393 2521 397 2527 .
448 2471 605 2554 perlectis,
622 2467 783 2530 exhibenti
808 2465 968 2527 restitutis.
993 2463 1112 2525 Datum
1136 2459 1227 2522 Bude
1250 2458 1282 2518 in
1301 2452 1464 2517 dominica
1484 2445 1587 2522 Quasi
1605 2442 1718 2505 mode.

449 2581 545 2638 Anno
570 2574 693 2637 domini
717 2572 890 2634 millesimo
911 2567 1170 2652 quingentesimo
1184 2565 1308 2646 quinto.
1327 2563 1514 2641 Regnorum
1531 2567 1716 2616 nostrorum

450 2681 615 2762 Hungarie
640 2693 698 2742 etc.
723 2677 958 2740 nonodecimo
983 2675 1107 2756 quinto,
1126 2670 1280 2733 Bohemie
1304 2686 1380 2728 vero
1403 2663 1565 2726 tricesimo
1590 2658 1716 2740 quinto.

556 2801 696 2868 originale
724 2801 749 2852 in
775 2801 934 2852 membrana.
953 2794 1101 2861 Vestigium
1120 2793 1203 2859 sigilli
1221 2789 1331 2844 maioris
1351 2791 1471 2854 apparet.
1490 2785 1517 2836 ln
1538 2783 1637 2835 archiv.
1657 2781 1708 2832 incl

450 2892 549 2944 Accad.
570 2888 668 2942 Scient.
689 2887 792 2940 Slavor.
812 2888 903 2938 merld.

1056 3113 1115 3181 ot.

555 3259 728 3324 Ann01505,
748 3261 789 3310 30.
808 3256 903 3309 martii.
923 3255 1019 3306 Bndee.

452 3389 480 3444 Α
513 3384 662 3444 Vladislao
691 3384 848 3457 Hungarie
879 3390 929 3441 etc.
961 3399 1026 3454 rege
1056 3379 1247 3438 communitas
1277 3376 1403 3433 civitates
1433 3373 1538 3430 montis
1567 3370 1720 3429 Grecensis

452 3493 566 3566 ariesque
596 3492 670 3548 cives
700 3493 732 3548 in
761 3489 896 3570 suburbio
927 3507 946 3544 a
971 3485 1162 3560 proventibus
1193 3482 1449 3548 mardurinalibus,
1483 3479 1614 3536 omnibus
1637 3476 1720 3536 taxis

648 3597 904 3668 conmdutioneque
925 3591 1166 3652 extraordinaria
1188 3587 1329 3647 solvendis
1351 3587 1521 3643 liberantur.

1137 3725 1297 3779 commissio
1316 3725 1427 3791 propria
1446 3723 1545 3775 domini
1565 3723 1650 3788 regis.

559 3859 626 3918 Nos
659 3857 857 3918 Wladislaus
893 3857 943 3918 dei
980 3855 1084 3937 gracia
1117 3875 1169 3915 rex
1205 3853 1372 3934 Hungarie
1407 3865 1439 3912 et
1469 3849 1627 3912 Bohemie
1661 3859 1721 3908 etc.

453 3964 609 4026 Memoris
648 3962 912 4024 commendamus
949 3975 1060 4022 tenore
1099 3961 1298 4043 presencium
1338 3956 1554 4040 significantes
1602 3955 1723 4036 quibus

454 4069 581 4152 expedit
604 4069 769 4130 universis.
795 4068 893 4142 Quod
914 4087 972 4149 pro
993 4079 1079 4148 parte
1105 4079 1135 4127 et
1159 4067 1191 4126 in
1213 4064 1357 4146 personis
1373 4063 1519 4124 fidelium
1535 4074 1722 4124 nostrorum

453 4175 755 4256 circumspectorum
779 4173 893 4255 judicis
916 4187 947 4234 et
971 4173 1159 4252 juratorum,
1176 4185 1420 4251 ceterorumque
1437 4169 1557 4230 civium
1578 4182 1610 4230 et
1631 4169 1724 4229 inha-

454 4279 626 4341 bitatorum
659 4300 695 4340 ac
725 4279 829 4340 tocius
863 4277 1102 4340 communitatis
1133 4276 1268 4338 civitatis
1299 4288 1406 4338 nostre
1439 4274 1724 4355 Montisgrecensis

455 4382 594 4446 exhibite
618 4397 692 4446 sunt
713 4385 807 4446 nobis
828 4397 859 4445 et
882 4381 1061 4466 presentate
1078 4383 1219 4464 quedam
1235 4382 1339 4443 littere
1354 4380 1550 4442 serenissimi
1566 4380 1725 4461 principis

455 4489 592 4549 condam
626 4489 749 4550 domini
782 4489 901 4550 Mathie
927 4489 1020 4570 regis,
1045 4487 1146 4550 felicis
1173 4487 1328 4548 memorie
1352 4485 1587 4568 predecessoris
1610 4486 1724 4562 nostri,

455 4593 695 4675 privilegialiter
717 4593 871 4673 confecte,
888 4595 1006 4676 quibus
1029 4595 1245 4656 mediantibus
1269 4593 1347 4655 alias
1371 4594 1439 4675 ipse
1463 4593 1556 4653 certis
1581 4593 1677 4653 bonis
1694 4605 1725 4652 et

455 4698 702 4759 racionabilibus
719 4720 757 4759 ex
773 4700 884 4778 causis,
903 4701 935 4760 in
954 4701 1066 4761 litteris
1083 4701 1204 4760 eisdem
1221 4699 1336 4761 clarius
1353 4699 1518 4782 expressis
1533 4699 1620 4780 ipsos
1637 4699 1724 4758 cives

456 4813 486 4861 et
510 4814 609 4863 totam
633 4805 895 4866 communitatem
920 4805 975 4866 sed
1000 4819 1031 4866 et
1054 4806 1175 4866 incolas
1200 4806 1231 4866 in
1250 4805 1405 4866 suburbio
1422 4803 1568 4865 eiusdem
1586 4803 1726 4865 civitatis

457 4921 691 4970 commorantes
725 4930 742 4970 a
777 4911 943 4972 solucione
977 4923 1042 4972 tarn
1083 4925 1299 4992 proventuum
1337 4909 1605 4971 mardurinalium
1646 4908 1725 4970 fisco

456 5012 545 5092 regio
569 5015 738 5094 provenire
761 5015 954 5076 debencium
979 5036 1075 5095 quam
1100 5017 1201 5077 eciam
1225 5015 1373 5076 omnium
1391 5028 1535 5076 taxarum
1557 5027 1589 5075 et
1605 5017 1727 5077 contri-
