3808 5792
240 693 310 700 ...μ-
330 693 637 702 -—-————--.—-.-..-
656 697 792 704 -.--—.
806 697 952 705 ..,----..-
976 701 1052 706 .---
1074 701 1198 708 -—-——·-

656 593 729 652 Dec.
754 589 825 669 10⁰3.
848 626 890 636 —
914 595 972 653 Aa.
998 607 1084 671 1523.
1439 619 1496 681 231

233 807 282 876 sui
306 831 393 896 parte
414 829 579 896 suspectas
602 818 869 899 presentibusque
893 819 1007 880 litteris
1031 821 1147 882 nostris
1165 822 1419 905 privilegialibus
1434 826 1502 888 sine

235 920 454 982 diminucione
478 935 508 984 et
540 937 727 1003 augmemto
762 924 895 1004 aliquali
929 925 1070 1003 insertas,
1104 905 1212 1007 quoad
1244 948 1356 992 omnes
1392 950 1502 992 earum

235 1025 462 1104 continentias,
472 1025 632 1088 clausulas
641 1041 672 1089 et
681 1028 833 1090 articulos
840 1041 971 1091 eatenus
984 1043 1143 1111 quatenus
1158 1032 1270 1095 eedem
1291 1035 1349 1096 rite
1363 1048 1394 1098 et
1409 1035 1501 1117 legit·

234 1131 311 1191 time
328 1130 466 1193 esistunt
474 1144 630 1212 emanare,
639 1133 825 1214 viribusque
835 1153 944 1196 earum
955 1135 1070 1196 veritas
1079 1135 1278 1218 suffragatur,
1288 1155 1502 1223 acceptamus,

236 1236 452 1317 approbamus
475 1251 506 1299 et
529 1237 732 1318 ratificamus,
756 1259 792 1302 ac
816 1239 945 1302 easdem
969 1253 1000 1302 et
1023 1241 1132 1303 omnia
1158 1244 1190 1304 in
1207 1244 1253 1305 eis
1270 1259 1420 1308 contenta
1437 1267 1502 1308 me-

237 1341 368 1402 moratis
391 1343 514 1405 civibus
538 1357 569 1405 et
591 1344 650 1406 toti
674 1345 897 1408 communitati
921 1343 1043 1427 prefate
1067 1347 1203 1410 civitatis
1237 1364 1344 1413 nostre
1369 1353 1503 1414 Montis-

237 1447 405 1527 grecensis,
428 1449 592 1511 modernis
616 1450 736 1512 scilicet
760 1463 791 1512 et
815 1449 930 1512 futuris
953 1451 1153 1533 innovantes,
1178 1455 1329 1517 valituras
1346 1471 1503 1540 perpetuo

238 1550 464 1614 confirmamus
486 1553 601 1618 harum
624 1569 816 1634 nostrarum,
841 1575 921 1637 quas
944 1572 1065 1620 secreto
1090 1558 1198 1644 sigillo
1235 1577 1343 1623 nostro
1380 1583 1445 1644 quo
1470 1578 1504 1625 ut
1607 1553 1615 1567 ⁹

238 1677 291 1718 rex
315 1657 480 1740 Hungarie
506 1660 635 1740 utimur,
650 1661 682 1722 in
707 1661 859 1742 pendenti
885 1663 1078 1724 communiri
1104 1662 1238 1726 fecimus
1259 1667 1369 1747 vigore
1402 1680 1434 1730 et
1457 1681 1503 1730 te·

237 1763 388 1825 stimonio
411 1765 588 1826 litterarum
612 1766 785 1830 mediante.
811 1767 930 1828 Datum
954 1768 1044 1830 Bude
1070 1769 1102 1856 in
1128 1767 1208 1831 festo
1233 1772 1400 1834 divisionis
1424 1793 1501 1854 apo-

239 1868 405 1931 stolorum.
431 1875 526 1932 Anno
558 1871 680 1934 domini
715 1873 889 1934 millesimo
922 1873 1181 1956 quingentesimo
1216 1877 1372 1958 vigesimo
1395 1879 1504 1941 tercio.

240 1976 426 2056 Regnorum
451 1989 632 2039 nostrorum
657 1998 742 2040 anno
766 1993 891 2041 octavo.
1308 1967 1310 1972 ¹

344 2114 549 2180 Etransurnpto
569 2117 660 2181 imper.
681 2117 839 2170 Ferdinaadi
859 2117 888 2172 ll.
909 2121 940 2169 de
961 2133 1029 2170 auno
1061 2121 1135 2171 1626.
1166 2117 1195 2172 ln
1225 2123 1294 2174 arch.
1315 2123 1360 2174 lib.
1381 2138 1436 2188 reg.
1456 2124 1499 2174 civ

230 2195 344 2268 'zagrab

826 2492 910 2559 183.

345 2649 422 2698 Auno
444 2647 517 2701 1⁵23.
541 2647 580 2701 15.
596 2648 663 2714 julil.
683 2647 780 2702 Badae.

247 2792 453 2850 Communitate
481 2794 608 2852 civitatis
623 2801 772 2867 precante,
797 2795 959 2854 ludovicus
989 2797 1033 2856 II.
1055 2781 1161 2870 'Hung
1186 2804 1235 2856 etc.
1267 2814 1329 2872 rex,
1355 2797 1510 2871 confirmat
1552 2882 1557 2893 '

240 2897 477 2972 constitutionem,
501 2917 560 2974 qua
582 2900 649 2956 otim
673 2919 692 2956 a
716 2899 835 2957 Mathia
859 2920 924 2976 rege
947 2902 1112 2977 Kraljevec,
1143 2901 1234 2977 Cede,
1254 2901 1395 2978 Kobiljak
1417 2903 1507 2960 aliac-

445 3023 499 3080 que
521 3013 636 3078 ereptae
653 3007 842 3079 possessiones
864 3008 1061 3066 communitati
1080 3015 1150 3065 sunt
1169 3005 1309 3066 redditae.

888 3153 1048 3205 Commissio
1068 3154 1178 3218 propria
1197 3154 1297 3205 domiui
1319 3153 1401 3219 regis.

346 3243 413 3303 Nos
438 3240 624 3302 Ludouicus
648 3241 699 3303 dei
722 3243 828 3323 gracia
852 3262 906 3304 rex
931 3243 1096 3324 Hungarie
1121 3255 1151 3304 et
1176 3242 1331 3306 Bohemie
1356 3257 1415 3306 etc.
1440 3245 1507 3304 Me-

243 3347 344 3410 morie
367 3347 633 3408 commendamus
656 3361 767 3409 tenore
783 3349 984 3430 presencium
1005 3346 1222 3429 significantes
1246 3348 1369 3429 quibus
1381 3349 1508 3431 expedit

243 3454 409 3516 universis.
435 3453 534 3527 Quod
558 3453 669 3516 fideles
701 3455 799 3516 nostri
835 3454 1008 3536 prudentes
1043 3467 1074 3515 et
1110 3453 1331 3536 circumspecti
1370 3453 1507 3516 Michael
1592 3521 1596 3528 ,

243 3559 455 3642 Opprasnych
479 3559 586 3640 judex,
612 3561 779 3622 Emericus
802 3561 959 3624 litteratus
989 3559 1163 3644 Mykulych
1188 3553 1218 3622 et
1241 3559 1402 3642 Georgius
1425 3561 1507 3621 litte·

241 3678 327 3726 ratus
351 3665 444 3745 jurati
469 3666 554 3727 cives
578 3666 712 3728 civitatis
726 3680 831 3736 nostre
851 3667 1133 3748 Montisgrecensis
1149 3667 1214 3728 suis
1231 3685 1267 3728 ac
1284 3665 1507 3726 universorum

242 3771 359 3833 civium
384 3785 415 3833 et
438 3772 677 3833 communitatis
702 3772 846 3834 eiusdem
881 3773 1016 3834 civitatis
1052 3785 1160 3833 nostre
1194 3771 1380 3832 nominibus
1412 3783 1442 3832 et
1475 3771 1507 3832 in

242 3877 387 3961 personis
411 3877 585 3940 Maiestatis
610 3891 714 3940 nostre
739 3880 903 3942 venientes
916 3879 948 3940 in
972 3879 1167 3960 presentiam
1185 3877 1398 3939 exhibuerunt
1414 3877 1507 3938 nobis

244 3981 400 4064 quasdam
425 3984 545 4047 litteras
569 3985 797 4048 donacionales
820 3984 1013 4046 serenissimi
1030 3983 1183 4066 principis
1201 3983 1366 4064 quondam
1384 3980 1508 4044 domini

244 4087 366 4150 Mathie
391 4091 474 4170 regia
499 4090 664 4172 Hungarie
689 4105 748 4152 etc.
771 4089 1004 4173 predecessoris
1034 4090 1133 4151 nostri
1166 4091 1250 4150 bone
1284 4089 1450 4166 memorie,
1476 4087 1507 4148 in

242 4215 439 4276 pargameno
475 4209 620 4278 patenter
659 4195 830 4274 confectas,
866 4196 1041 4276 secretique
1081 4195 1179 4276 sigilli
1213 4195 1260 4256 sui
1297 4193 1506 4275 impressione

242 4301 455 4382 consignatas,
479 4302 597 4382 quibus
620 4302 837 4364 mediantibus
854 4301 939 4363 idem
964 4301 1100 4362 condam
1126 4301 1277 4362 dominus
1302 4299 1438 4359 Mathias
1454 4318 1508 4359 rex

243 4426 302 4488 pro
325 4406 475 4468 fidelibus
498 4408 639 4469 serviciis
675 4408 852 4469 eorundem
876 4407 993 4468 civium
1027 4419 1058 4467 et
1090 4404 1339 4466 inhabitatorum
1376 4404 1510 4464 civitatis

243 4525 350 4573 nostre
375 4513 666 4594 Montisgrecensis‚
691 4534 752 4595 que
777 4515 875 4575 iidem
899 4533 985 4574 sacre
1010 4511 1167 4593 imprimis
1184 4511 1279 4573 huius
1303 4511 1392 4591 regni
1411 4510 1509 4570 nostri

245 4619 411 4699 Hungarie
436 4639 554 4680 corone
579 4633 609 4681 et
632 4620 750 4682 deinde
766 4619 891 4702 prelato
908 4619 1045 4680 condam
1064 4616 1198 4678 domino
1224 4617 1342 4679 Mathie
1368 4615 1434 4695 regi
1451 4629 1509 4676 etc.

243 4723 467 4802 exhibuerunt,
491 4726 708 4806 possessiones
725 4726 901 4803 Kralewcz,
917 4725 1050 4806 Czerye,
1069 4723 1211 4802 Kobilia,
1224 4721 1380 4804 Zwyblia,
1400 4719 1510 4798 Narth,

246 4831 447 4912 Petrowyna,
474 4830 704 4914 Syllakowyna
728 4846 758 4892 et
783 4831 949 4913 Hrasclrya
973 4845 1100 4891 vocatas
1124 4829 1259 4890 omnino
1292 4828 1323 4888 in
1357 4827 1510 4888 comitatu

246 4937 445 5017 zagrabiensi
470 4917 676 5016 exsistentes
692 4938 826 5016 habitas,
851 4937 971 4998 eisdem
996 4937 1129 5014 civibus,
1155 4937 1364 5018 ipsorumque
1388 4953 1510 4994 succes·

246 5043 372 5104 soribus
394 5057 424 5104 et
457 5043 696 5125 posteritatibus
731 5043 887 5104 universis
919 5062 1001 5102 nove
1037 5061 1092 5102 sue
1128 5040 1317 5103 donacionis
1351 5039 1446 5100 titulo
1478 5039 1509 5098 in
1579 5073 1582 5078 -
