3900 5804
431 589 493 651 320
836 569 954 629 Stoma
980 571 1271 630 Praebendariomm.

426 799 521 860 nobis
555 819 615 881 pro
639 797 824 860 huiusmodi
849 809 956 858 nostre
980 797 1219 858 communitatis
1256 799 1496 860 necessitatibus
1527 799 1695 876 evitandis,

428 905 645 986 diuturnaque
668 917 775 965 nostra
800 903 886 986 apud
911 903 1047 965 eandem
1069 903 1235 964 ecclesiam
1252 905 1456 985 persistencia
1473 919 1568 986 atque
1585 924 1693 966 como-

427 1011 517 1072 diore
542 1024 573 1072 et
597 1011 812 1092 niditorieque
837 1009 957 1071 ibidem
983 1009 1015 1070 in
1040 1007 1160 1090 prelata
1184 1010 1317 1072 ecclesia
1334 1011 1485 1072 servitute
1510 1024 1540 1070 et
1556 1011 1695 1072 cultibus

426 1115 544 1177 divinis
568 1116 784 1198 inpendenda,
809 1115 949 1176 florenos
974 1114 1062 1175 mille
1087 1116 1167 1194 auri,
1192 1129 1322 1177 monete
1358 1115 1582 1197 hungaricalis,
1616 1116 1692 1176 boni

427 1235 457 1282 et
482 1223 555 1282 iusti
579 1222 742 1303 ponderis,
768 1221 808 1282 ad
833 1241 926 1282 usum
951 1221 1218 1302 necessitatesque
1245 1235 1275 1283 et
1299 1223 1555 1284 emolumentum
1580 1241 1692 1303 perpe-

425 1341 517 1388 tuum
541 1341 648 1389 nostre
673 1327 914 1388 communitatis
937 1326 1134 1408 presentium
1159 1328 1284 1389 scilibet
1300 1327 1448 1389 omnium
1465 1340 1496 1388 et
1511 1326 1691 1389 futurorum

427 1433 727 1510 Prebendariorum,
752 1450 970 1493 successorum
996 1445 1191 1510 nostrorum,
1214 1432 1312 1511 dedit,
1337 1433 1469 1494 donavit
1494 1447 1524 1493 et
1552 1433 1692 1494 tradidit.

425 1539 579 1601 Volentes
603 1551 710 1600 autem
744 1558 802 1600 nos
834 1537 957 1620 prelato
989 1537 1123 1599 domino
1156 1539 1294 1617 Andree,
1321 1539 1484 1621 preposito
1515 1537 1692 1600 cbasmensi

426 1645 458 1705 in
483 1645 601 1726 quibus
624 1645 790 1726 potuimus
813 1663 910 1726 opera
936 1657 966 1705 et
998 1643 1163 1705 laboribus
1198 1645 1314 1706 nostris
1345 1663 1404 1725 pro
1434 1657 1523 1705 tanto
1555 1644 1587 1706 in
1622 1663 1692 1722 nos,

425 1751 756 1831 communitatemque
781 1762 922 1810 nostram
947 1747 1103 1810 beneficio
1129 1749 1258 1828 collato,
1281 1748 1462 1832 gratificari,
1486 1749 1691 1831 promisimus

425 1869 456 1916 et
479 1857 719 1938 assumpsimus,
744 1855 995 1936 testimonioque
1020 1854 1217 1936 presentium
1242 1855 1489 1934 conscienciose,
1514 1855 1547 1916 in
1572 1855 1692 1916 consci-

426 1963 526 2022 entias
550 1975 673 2023 nostras
696 1961 919 2039 sacerdotales,
943 1979 1228 2041 successorumque
1263 1975 1446 2022 nostrorum
1476 1961 1693 2042 promittimus

424 2080 455 2128 et
479 2068 729 2149 assumpmimus
755 2067 916 2149 perpetuis
941 2065 1055 2127 luturis
1078 2067 1278 2148 temporibus
1309 2066 1454 2148 qualibet
1486 2067 1537 2127 die
1573 2068 1605 2128 in
1638 2068 1691 2128 eb·

384 2223 389 2236 .
425 2173 564 2234 domada
589 2192 685 2234 unam
710 2173 840 2234 missam
876 2173 907 2234 in
933 2192 986 2234 ara
1019 2173 1201 2233 beatissime
1238 2173 1337 2233 Marie
1374 2172 1517 2253 virginis,
1542 2173 1573 2234 in
1609 2172 1692 2234 dicta

424 2279 556 2340 ecclesia
580 2279 789 2360 zagrabiensi‚
824 2280 856 2340 in
888 2278 987 2339 choro
1018 2278 1169 2339 videlicet
1200 2278 1344 2339 eiusdem
1379 2279 1518 2358 gloriose
1560 2279 1692 2361 virginis

424 2397 603 2446 constructa
628 2399 658 2446 et
682 2383 825 2462 fundata,
849 2386 908 2446 sub
945 2385 1040 2446 missa
1072 2385 1196 2462 maiori,
1222 2383 1361 2464 legendo
1390 2384 1506 2456 dicere,
1540 2383 1690 2465 perficere

424 2503 454 2550 et
478 2491 656 2569 absolvere,
681 2491 722 2552 ita
747 2490 897 2552 videlicet
921 2503 952 2550 et
974 2490 1097 2552 taliter:
1123 2490 1211 2571 quod
1236 2489 1288 2550 die
1312 2489 1477 2551 dominico
1503 2509 1540 2550 ex
1563 2490 1692 2551 ordina·

424 2595 512 2656 tione
546 2610 577 2658 et
609 2595 811 2678 beneplacito
846 2593 961 2677 prelati
997 2595 1121 2656 domini
1159 2595 1288 2656 Andree
1322 2596 1487 2677 prepositi,
1524 2595 1619 2658 missa
1652 2595 1692 2656 de

422 2715 529 2775 sancta
553 2715 584 2762 et
596 2701 763 2763 individua
776 2701 946 2780 Trinitate,
961 2721 1035 2762 cum
1052 2701 1210 2764 collectis:
1227 2701 1366 2762 secunda
1384 2700 1423 2761 de
1440 2703 1531 2762 beata
1549 2702 1692 2782 virgine;

423 2807 531 2886 tercia,
555 2827 614 2889 pro
639 2807 775 2890 peccatis
808 2807 1034 2888 indulgendis;
1067 2807 1158 2869 Feria
1183 2807 1333 2884 secunda,
1358 2805 1399 2868 de
1430 2820 1539 2868 sancto
1563 2806 1692 2868 Andrea

425 2913 585 2993 apostolo,
609 2913 757 2976 similiter
781 2933 855 2975 cum
880 2913 1042 2975 collectis:
1078 2913 1217 2975 secunda
1243 2913 1281 2974 de
1308 2915 1399 2974 beata
1431 2913 1566 2993 virgine,
1598 2913 1694 2974 tercia

422 3037 484 3098 pro
508 3019 679 3099 poscendis
703 3017 861 3101 suffragiis
884 3032 1085 3081 sanctorum:
1111 3018 1264 3081 Concede
1288 3037 1463 3099 quesumus
1486 3019 1691 3100 omnipotens

421 3122 501 3184 deus
527 3137 562 3184 ut
588 3126 772 3186 intercessio
796 3143 855 3187 nos
879 3139 986 3186 sancte
1011 3125 1060 3186 dei
1093 3125 1275 3206 genitricis3
1301 3125 1393 3187 Feria
1426 3125 1521 3185 tercia
1546 3143 1604 3206 pro
1637 3123 1692 3184 de-

421 3226 548 3308 functis,
563 3249 636 3291 cum
663 3231 823 3308 collectis3
836 3233 959 3314 prima:
975 3231 1073 3309 Deus,
1087 3231 1143 3312 qui
1166 3251 1225 3293 nos
1238 3244 1359 3312 patrem
1373 3243 1404 3291 et
1417 3243 1567 3307 matrem3
1580 3249 1690 3291 secun-

419 3333 469 3395 da:
490 3335 589 3413 Deus,
600 3337 693 3398 venie
713 3336 863 3418 largitor;
880 3337 993 3399 tercia:
1013 3337 1176 3398 Fidelium
1194 3337 1281 3398 Deus
1296 3337 1454 3398 omnium.
1463 3336 1555 3396 Feria
1566 3349 1690 3427 quarta,

421 3459 478 3520 pro
502 3441 650 3522 peccatis,
674 3461 746 3503 cum
771 3443 931 3504 collectis:
964 3443 1116 3521 secunda,
1141 3443 1179 3503 de
1215 3444 1307 3503 beata
1338 3442 1481 3522 virgine;
1516 3441 1614 3502 tercia
1647 3441 1688 3502 de

420 3547 567 3626 passione
592 3547 721 3609 Christi.
736 3549 760 3608 F
764 3549 828 3609 eria
853 3549 975 3630 quinta,
988 3549 1028 3610 de
1041 3568 1176 3630 corpore
1188 3547 1319 3628 Christi,
1337 3547 1517 3624 vCibavit,‹
1537 3547 1685 3608 similiter

420 3670 493 3712 cum
518 3653 677 3715 collectis:
709 3654 850 3716 secunda
882 3655 922 3717 de
958 3657 1050 3717 beata
1081 3656 1223 3737 virgine;
1260 3655 1356 3716 tercia
1392 3654 1432 3715 de
1464 3667 1574 3716 sancto
1611 3671 1687 3734 rege

420 3755 593 3839 Stephano
619 3759 642 3818 F
646 3760 709 3820 eria
733 3773 830 3838 sexta,
842 3760 882 3822 de
905 3762 1052 3842 passione
1074 3761 1197 3823 domini
1224 3760 1470 3838 »Humiliavit‹,
1487 3760 1589 3822 eciam
1613 3778 1686 3820 cum

420 3861 578 3923 collectis:
604 3865 743 3926 secunda
769 3866 808 3927 de
833 3868 925 3929 beata
949 3868 1091 3949 virgine;
1126 3868 1222 3929 tercia
1255 3886 1313 3948 pro
1346 3866 1492 3948 peccatis.
1526 3863 1688 3927 Sabbatho

420 3965 560 4048 denique
585 3969 625 4031 de
660 3973 880 4053 assumptione
920 3974 1019 4035 Marie
1055 3973 1188 4055 virginis
1225 3973 1375 4054 gloriose,
1415 3991 1487 4034 cum
1528 3970 1687 4044 collectis:

419 4072 557 4132 secunda
597 4073 637 4135 de
685 4076 833 4157 passione
881 4077 1025 4154 domini;
1064 4079 1161 4140 tercia
1207 4079 1247 4140 de
1281 4077 1539 4164 ¹quatuordecim
1575 4075 1688 4138 auxili-

420 4176 578 4254 atoribus;
627 4193 739 4260 quarta
786 4202 844 4263 pro
891 4185 1077 4265 parentibus
1109 4197 1140 4245 et
1185 4185 1307 4266 quinta,
1340 4203 1398 4266 pro
1439 4183 1587 4265 peccatis.
1633 4181 1688 4259 lta,

420 4281 508 4358 quod
535 4283 592 4343 iste
617 4284 679 4345 due
704 4286 817 4348 ultime
841 4289 987 4369 collecte,
1012 4304 1125 4371 quarta
1156 4291 1277 4351 scilicet
1308 4304 1338 4350 et
1369 4289 1481 4370 quinta
1513 4287 1685 4350 inmediate

420 4389 601 4470 prescripte,
614 4410 670 4452 sua
694 4392 916 4456 dominatione
941 4396 1107 4458 dumtaxat
1119 4397 1257 4474 vivente,
1269 4395 1551 4456 continuabuntur.
1560 4393 1639 4456 ltem
1656 4393 1687 4454 in

420 4488 643 4556 festivitatibus
666 4497 849 4580 beatissime
874 4501 975 4562 Marie
1002 4502 1134 4583 virginis
1169 4521 1270 4582 usque
1300 4500 1341 4562 ad
1374 4513 1502 4561 octavas
1534 4498 1688 4560 inclusive

419 4597 604 4660 earumdem
638 4599 846 4666 festivitatum
879 4619 910 4667 et
942 4607 973 4667 in
1010 4608 1081 4668 aliis
1112 4619 1217 4668 totum
1253 4607 1452 4668 solemnibus
1488 4624 1614 4686 semper
1649 4603 1688 4664 de

419 4697 499 4761 festo
523 4722 596 4764 curn
621 4707 763 4769 collectis
787 4723 818 4771 et
842 4712 1043 4774 orationibus
1065 4715 1215 4775 secundis
1232 4725 1263 4775 et
1277 4713 1383 4775 terciis
1400 4711 1631 4794 prenominatis
1647 4709 1687 4771 ad

418 4802 486 4864 dies
509 4827 583 4868 suos
607 4825 775 4892 pretactos,
799 4814 986 4878 huiusmodi
1004 4819 1135 4879 missam
1153 4819 1299 4900 quotidie
1324 4817 1468 4880 dicemus
1492 4829 1523 4878 et
1548 4817 1687 4878 celebra-

419 4908 524 4970 bimus
558 4927 588 4974 et
629 4915 690 4978 hoc
725 4919 917 4999 pollicemur
955 4935 986 4984 et
1023 4925 1242 5006 promittimus
1275 4923 1417 4985 effective
1450 4924 1619 4984 observare
1658 4935 1688 4982 et

419 5012 593 5096 adimplere
618 5022 717 5083 modo
752 5027 909 5106 premisso
932 5030 1096 5112 perpetuis
1119 5028 1235 5091 futuris
1258 5029 1468 5112 temporibus.
1493 5028 1566 5090 Hoc
1588 5027 1684 5090 adici-
