<?xml version="1.0" encoding="UTF-8"?>
<!DOCTYPE html PUBLIC "-//W3C//DTD XHTML 1.0 Transitional//EN"
    "http://www.w3.org/TR/xhtml1/DTD/xhtml1-transitional.dtd">
<html xmlns="http://www.w3.org/1999/xhtml" xml:lang="en" lang="en">
 <head>
  <title>
</title>
<meta http-equiv="Content-Type" content="text/html;charset=utf-8" />
  <meta name='ocr-system' content='tesseract 3.04.00' />
  <meta name='ocr-capabilities' content='ocr_page ocr_carea ocr_par ocr_line ocrx_word'/>
</head>
<body>
  <div class='ocr_page' id='page_1' title='image "./monumentahistor16laszgoog_0171.png"; bbox 0 0 3752 5806; ppageno 0'>
   <div class='ocr_carea' id='block_1_1' title="bbox 595 555 1420 641">
    <p class='ocr_par' dir='ltr' id='par_1_1' title="bbox 595 555 1420 641">
     <span class='ocr_line' id='line_1_1' title="bbox 595 555 1420 641; baseline 0.004 -27"><span class='ocrx_word' id='word_1_1' title='bbox 595 556 670 618; x_wconf 81' lang='lat' dir='ltr'>Dor.</span> <span class='ocrx_word' id='word_1_2' title='bbox 688 555 745 634; x_wconf 78' lang='lat'>36.</span> <span class='ocrx_word' id='word_1_3' title='bbox 765 591 805 602; x_wconf 88' lang='lat'>-</span> <span class='ocrx_word' id='word_1_4' title='bbox 829 559 992 634; x_wconf 76' lang='lat' dir='ltr'>Au.1505.</span> <span class='ocrx_word' id='word_1_5' title='bbox 1384 578 1420 641; x_wconf 84' lang='lat'>35</span> 
     </span>
    </p>
   </div>
   <div class='ocr_carea' id='block_1_2' title="bbox 161 780 1426 2240">
    <p class='ocr_par' dir='ltr' id='par_1_2' title="bbox 161 780 1426 2240">
     <span class='ocr_line' id='line_1_2' title="bbox 165 780 1422 865; baseline 0.008 -25"><span class='ocrx_word' id='word_1_6' title='bbox 165 791 195 840; x_wconf 92' lang='lat' dir='ltr'>ut</span> <span class='ocrx_word' id='word_1_7' title='bbox 213 781 331 841; x_wconf 88' lang='lat' dir='ltr'>amodo</span> <span class='ocrx_word' id='word_1_8' title='bbox 351 780 503 864; x_wconf 88' lang='lat' dir='ltr'>deinceps</span> <span class='ocrx_word' id='word_1_9' title='bbox 523 783 614 844; x_wconf 93' lang='lat' dir='ltr'>nullo</span> <span class='ocrx_word' id='word_1_10' title='bbox 630 803 774 863; x_wconf 90' lang='lat' dir='ltr'>unquam</span> <span class='ocrx_word' id='word_1_11' title='bbox 790 797 934 865; x_wconf 90' lang='lat' dir='ltr'>tempore</span> <span class='ocrx_word' id='word_1_12' title='bbox 952 799 1061 846; x_wconf 87' lang='lat' dir='ltr'>contra</span> <span class='ocrx_word' id='word_1_13' title='bbox 1079 785 1263 849; x_wconf 88' lang='lat' dir='ltr'>huiusmodi</span> <span class='ocrx_word' id='word_1_14' title='bbox 1282 803 1422 850; x_wconf 89' lang='lat' dir='ltr'>nostram</span> 
     </span>
     <span class='ocr_line' id='line_1_3' title="bbox 162 886 1423 976; baseline 0.006 -30"><span class='ocrx_word' id='word_1_15' title='bbox 162 886 334 966; x_wconf 84' lang='lat' dir='ltr'>graciosam</span> <span class='ocrx_word' id='word_1_16' title='bbox 368 888 621 970; x_wconf 77' lang='lat' dir='ltr'>exemptionem,</span> <span class='ocrx_word' id='word_1_17' title='bbox 645 889 806 970; x_wconf 85' lang='lat' dir='ltr'>siquidem</span> <span class='ocrx_word' id='word_1_18' title='bbox 837 903 867 950; x_wconf 90' lang='lat' dir='ltr'>et</span> <span class='ocrx_word' id='word_1_19' title='bbox 898 889 931 951; x_wconf 93' lang='lat' dir='ltr'>in</span> <span class='ocrx_word' id='word_1_20' title='bbox 966 903 1134 970; x_wconf 91' lang='lat' dir='ltr'>quantum,</span> <span class='ocrx_word' id='word_1_21' title='bbox 1159 905 1194 953; x_wconf 95' lang='lat' dir='ltr'>ut</span> <span class='ocrx_word' id='word_1_22' title='bbox 1220 894 1423 976; x_wconf 86' lang='lat' dir='ltr'>premittitur,</span> 
     </span>
     <span class='ocr_line' id='line_1_4' title="bbox 164 990 1423 1080; baseline 0.009 -30"><span class='ocrx_word' id='word_1_23' title='bbox 164 990 314 1073; x_wconf 87' lang='lat' dir='ltr'>prelatum</span> <span class='ocrx_word' id='word_1_24' title='bbox 343 993 519 1074; x_wconf 87' lang='lat' dir='ltr'>capitulum</span> <span class='ocrx_word' id='word_1_25' title='bbox 551 994 664 1056; x_wconf 89' lang='lat' dir='ltr'>eadem</span> <span class='ocrx_word' id='word_1_26' title='bbox 696 995 763 1076; x_wconf 87' lang='lat' dir='ltr'>ipsa</span> <span class='ocrx_word' id='word_1_27' title='bbox 793 994 938 1056; x_wconf 88' lang='lat' dir='ltr'>libertate</span> <span class='ocrx_word' id='word_1_28' title='bbox 970 994 1123 1057; x_wconf 89' lang='lat' dir='ltr'>hactenus</span> <span class='ocrx_word' id='word_1_29' title='bbox 1154 997 1292 1079; x_wconf 92' lang='lat' dir='ltr'>potitum</span> <span class='ocrx_word' id='word_1_30' title='bbox 1325 1013 1381 1080; x_wconf 88' lang='lat' dir='ltr'>est,</span> <span class='ocrx_word' id='word_1_31' title='bbox 1406 1019 1423 1060; x_wconf 90' lang='lat' dir='ltr'>a</span> 
     </span>
     <span class='ocr_line' id='line_1_5' title="bbox 163 1097 1424 1182; baseline 0.006 -26"><span class='ocrx_word' id='word_1_32' title='bbox 163 1097 285 1178; x_wconf 89' lang='lat' dir='ltr'>populis</span> <span class='ocrx_word' id='word_1_33' title='bbox 309 1111 341 1158; x_wconf 91' lang='lat' dir='ltr'>et</span> <span class='ocrx_word' id='word_1_34' title='bbox 363 1097 592 1180; x_wconf 80' lang='lat' dir='ltr'>jobagionibus</span> <span class='ocrx_word' id='word_1_35' title='bbox 618 1100 717 1182; x_wconf 87' lang='lat' dir='ltr'>ipsius</span> <span class='ocrx_word' id='word_1_36' title='bbox 740 1099 863 1181; x_wconf 88' lang='lat' dir='ltr'>aliquas</span> <span class='ocrx_word' id='word_1_37' title='bbox 888 1099 1037 1162; x_wconf 88' lang='lat' dir='ltr'>collectas</span> <span class='ocrx_word' id='word_1_38' title='bbox 1057 1103 1107 1162; x_wconf 91' lang='lat' dir='ltr'>vel</span> <span class='ocrx_word' id='word_1_39' title='bbox 1125 1102 1273 1165; x_wconf 86' lang='lat' dir='ltr'>denarios</span> <span class='ocrx_word' id='word_1_40' title='bbox 1289 1103 1424 1166; x_wconf 81' lang='lat' dir='ltr'>iurnales</span> 
     </span>
     <span class='ocr_line' id='line_1_6' title="bbox 163 1205 1424 1288; baseline 0.006 -25"><span class='ocrx_word' id='word_1_41' title='bbox 163 1222 216 1283; x_wconf 93' lang='lat' dir='ltr'>pro</span> <span class='ocrx_word' id='word_1_42' title='bbox 239 1223 438 1285; x_wconf 91' lang='lat' dir='ltr'>quocunque</span> <span class='ocrx_word' id='word_1_43' title='bbox 469 1205 605 1286; x_wconf 87' lang='lat' dir='ltr'>negocio</span> <span class='ocrx_word' id='word_1_44' title='bbox 637 1205 876 1267; x_wconf 83' lang='lat' dir='ltr'>communitatis</span> <span class='ocrx_word' id='word_1_45' title='bbox 908 1205 983 1266; x_wconf 88' lang='lat' dir='ltr'>dicti</span> <span class='ocrx_word' id='word_1_46' title='bbox 1015 1207 1105 1288; x_wconf 86' lang='lat' dir='ltr'>regni</span> <span class='ocrx_word' id='word_1_47' title='bbox 1130 1209 1228 1270; x_wconf 85' lang='lat' dir='ltr'>nostri</span> <span class='ocrx_word' id='word_1_48' title='bbox 1254 1209 1424 1272; x_wconf 87' lang='lat' dir='ltr'>Sclavonie</span> 
     </span>
     <span class='ocr_line' id='line_1_7' title="bbox 162 1309 1424 1394; baseline 0.006 -25"><span class='ocrx_word' id='word_1_49' title='bbox 162 1309 351 1390; x_wconf 83' lang='lat' dir='ltr'>generaliter</span> <span class='ocrx_word' id='word_1_50' title='bbox 375 1311 426 1371; x_wconf 90' lang='lat' dir='ltr'>vel</span> <span class='ocrx_word' id='word_1_51' title='bbox 449 1311 630 1393; x_wconf 87' lang='lat' dir='ltr'>parcialiter</span> <span class='ocrx_word' id='word_1_52' title='bbox 652 1311 720 1374; x_wconf 91' lang='lat' dir='ltr'>fieri</span> <span class='ocrx_word' id='word_1_53' title='bbox 738 1311 899 1390; x_wconf 88' lang='lat' dir='ltr'>debendo,</span> <span class='ocrx_word' id='word_1_54' title='bbox 920 1313 1057 1393; x_wconf 85' lang='lat' dir='ltr'>exigere,</span> <span class='ocrx_word' id='word_1_55' title='bbox 1077 1313 1272 1394; x_wconf 90' lang='lat' dir='ltr'>eosdemque</span> <span class='ocrx_word' id='word_1_56' title='bbox 1296 1317 1424 1378; x_wconf 86' lang='lat' dir='ltr'>racione</span> 
     </span>
     <span class='ocr_line' id='line_1_8' title="bbox 162 1415 1423 1502; baseline 0.005 -28"><span class='ocrx_word' id='word_1_57' title='bbox 162 1434 221 1475; x_wconf 95' lang='lat' dir='ltr'>non</span> <span class='ocrx_word' id='word_1_58' title='bbox 254 1415 434 1478; x_wconf 85' lang='lat' dir='ltr'>solutionis</span> <span class='ocrx_word' id='word_1_59' title='bbox 463 1417 650 1479; x_wconf 91' lang='lat' dir='ltr'>huiusmodi</span> <span class='ocrx_word' id='word_1_60' title='bbox 683 1418 713 1478; x_wconf 95' lang='lat' dir='ltr'>in</span> <span class='ocrx_word' id='word_1_61' title='bbox 747 1418 902 1499; x_wconf 90' lang='lat' dir='ltr'>personis,</span> <span class='ocrx_word' id='word_1_62' title='bbox 926 1419 1085 1499; x_wconf 89' lang='lat' dir='ltr'>rebusque</span> <span class='ocrx_word' id='word_1_63' title='bbox 1109 1433 1140 1481; x_wconf 92' lang='lat' dir='ltr'>et</span> <span class='ocrx_word' id='word_1_64' title='bbox 1163 1421 1257 1482; x_wconf 91' lang='lat' dir='ltr'>bonis</span> <span class='ocrx_word' id='word_1_65' title='bbox 1281 1421 1423 1502; x_wconf 90' lang='lat' dir='ltr'>ipsorum</span> 
     </span>
     <span class='ocr_line' id='line_1_9' title="bbox 163 1521 1424 1608; baseline 0.004 -27"><span class='ocrx_word' id='word_1_66' title='bbox 163 1521 328 1601; x_wconf 87' lang='lat' dir='ltr'>quibusvis</span> <span class='ocrx_word' id='word_1_67' title='bbox 353 1522 519 1604; x_wconf 90' lang='lat' dir='ltr'>impedire,</span> <span class='ocrx_word' id='word_1_68' title='bbox 543 1523 671 1584; x_wconf 87' lang='lat' dir='ltr'>turbare</span> <span class='ocrx_word' id='word_1_69' title='bbox 703 1523 754 1584; x_wconf 95' lang='lat' dir='ltr'>vel</span> <span class='ocrx_word' id='word_1_70' title='bbox 781 1523 998 1604; x_wconf 88' lang='lat' dir='ltr'>quovismodo</span> <span class='ocrx_word' id='word_1_71' title='bbox 1026 1523 1264 1608; x_wconf 76' lang='lat' dir='ltr'>dampnifimre,</span> <span class='ocrx_word' id='word_1_72' title='bbox 1289 1525 1424 1607; x_wconf 91' lang='lat' dir='ltr'>impedi-</span> 
     </span>
     <span class='ocr_line' id='line_1_10' title="bbox 162 1627 1425 1713; baseline 0.003 -26"><span class='ocrx_word' id='word_1_73' title='bbox 162 1629 246 1708; x_wconf 92' lang='lat' dir='ltr'>rique</span> <span class='ocrx_word' id='word_1_74' title='bbox 266 1629 320 1689; x_wconf 92' lang='lat' dir='ltr'>vel</span> <span class='ocrx_word' id='word_1_75' title='bbox 340 1627 560 1710; x_wconf 86' lang='lat' dir='ltr'>dampnificari</span> <span class='ocrx_word' id='word_1_76' title='bbox 582 1627 685 1690; x_wconf 85' lang='lat' dir='ltr'>facere</span> <span class='ocrx_word' id='word_1_77' title='bbox 705 1630 906 1711; x_wconf 87' lang='lat' dir='ltr'>presumatis,</span> <span class='ocrx_word' id='word_1_78' title='bbox 923 1649 981 1690; x_wconf 94' lang='lat' dir='ltr'>nec</span> <span class='ocrx_word' id='word_1_79' title='bbox 998 1629 1065 1691; x_wconf 87' lang='lat' dir='ltr'>sitis</span> <span class='ocrx_word' id='word_1_80' title='bbox 1080 1631 1148 1691; x_wconf 90' lang='lat' dir='ltr'>ausi</span> <span class='ocrx_word' id='word_1_81' title='bbox 1166 1632 1264 1693; x_wconf 92' lang='lat' dir='ltr'>modo</span> <span class='ocrx_word' id='word_1_82' title='bbox 1280 1631 1425 1713; x_wconf 84' lang='lat' dir='ltr'>aliquali,</span> 
     </span>
     <span class='ocr_line' id='line_1_11' title="bbox 161 1733 1424 1818; baseline 0.006 -26"><span class='ocrx_word' id='word_1_83' title='bbox 161 1733 261 1813; x_wconf 84' lang='lat' dir='ltr'>gracie</span> <span class='ocrx_word' id='word_1_84' title='bbox 286 1751 397 1796; x_wconf 90' lang='lat' dir='ltr'>nostre</span> <span class='ocrx_word' id='word_1_85' title='bbox 422 1734 481 1795; x_wconf 89' lang='lat' dir='ltr'>sub</span> <span class='ocrx_word' id='word_1_86' title='bbox 504 1735 649 1796; x_wconf 89' lang='lat' dir='ltr'>obtentu.</span> <span class='ocrx_word' id='word_1_87' title='bbox 666 1734 833 1796; x_wconf 88' lang='lat' dir='ltr'>Presentes</span> <span class='ocrx_word' id='word_1_88' title='bbox 853 1755 939 1815; x_wconf 90' lang='lat' dir='ltr'>vero,</span> <span class='ocrx_word' id='word_1_89' title='bbox 964 1756 1043 1817; x_wconf 88' lang='lat' dir='ltr'>quas</span> <span class='ocrx_word' id='word_1_90' title='bbox 1056 1750 1176 1798; x_wconf 84' lang='lat' dir='ltr'>secreto</span> <span class='ocrx_word' id='word_1_91' title='bbox 1192 1737 1299 1818; x_wconf 85' lang='lat' dir='ltr'>sigillo</span> <span class='ocrx_word' id='word_1_92' title='bbox 1316 1751 1424 1799; x_wconf 90' lang='lat' dir='ltr'>nostro</span> 
     </span>
     <span class='ocr_line' id='line_1_12' title="bbox 162 1839 1426 1921; baseline 0.005 -23"><span class='ocrx_word' id='word_1_93' title='bbox 162 1857 222 1918; x_wconf 93' lang='lat' dir='ltr'>quo</span> <span class='ocrx_word' id='word_1_94' title='bbox 245 1853 281 1900; x_wconf 93' lang='lat' dir='ltr'>ut</span> <span class='ocrx_word' id='word_1_95' title='bbox 313 1859 367 1899; x_wconf 87' lang='lat' dir='ltr'>rex</span> <span class='ocrx_word' id='word_1_96' title='bbox 393 1839 557 1920; x_wconf 82' lang='lat' dir='ltr'>Hungarie</span> <span class='ocrx_word' id='word_1_97' title='bbox 589 1839 710 1901; x_wconf 89' lang='lat' dir='ltr'>utimur</span> <span class='ocrx_word' id='word_1_98' title='bbox 734 1840 932 1921; x_wconf 88' lang='lat' dir='ltr'>impendenti</span> <span class='ocrx_word' id='word_1_99' title='bbox 958 1842 1150 1904; x_wconf 89' lang='lat' dir='ltr'>communiri</span> <span class='ocrx_word' id='word_1_100' title='bbox 1175 1841 1318 1904; x_wconf 85' lang='lat' dir='ltr'>lecimus.</span> <span class='ocrx_word' id='word_1_101' title='bbox 1351 1843 1426 1906; x_wconf 87' lang='lat' dir='ltr'>Post</span> 
     </span>
     <span class='ocr_line' id='line_1_13' title="bbox 162 1945 1425 2030; baseline 0.005 -26"><span class='ocrx_word' id='word_1_102' title='bbox 162 1964 266 2006; x_wconf 87' lang='lat' dir='ltr'>earum</span> <span class='ocrx_word' id='word_1_103' title='bbox 302 1945 468 2024; x_wconf 86' lang='lat' dir='ltr'>lecturam,</span> <span class='ocrx_word' id='word_1_104' title='bbox 496 1945 587 2007; x_wconf 93' lang='lat' dir='ltr'>reddi</span> <span class='ocrx_word' id='word_1_105' title='bbox 619 1965 746 2028; x_wconf 90' lang='lat' dir='ltr'>semper</span> <span class='ocrx_word' id='word_1_106' title='bbox 778 1947 929 2008; x_wconf 87' lang='lat' dir='ltr'>volumus</span> <span class='ocrx_word' id='word_1_107' title='bbox 953 1961 983 2009; x_wconf 92' lang='lat' dir='ltr'>et</span> <span class='ocrx_word' id='word_1_108' title='bbox 1008 1948 1197 2011; x_wconf 85' lang='lat' dir='ltr'>mandamus</span> <span class='ocrx_word' id='word_1_109' title='bbox 1220 1948 1425 2030; x_wconf 86' lang='lat' dir='ltr'>presentanti.</span> 
     </span>
     <span class='ocr_line' id='line_1_14' title="bbox 162 2048 1425 2134; baseline 0.003 -24"><span class='ocrx_word' id='word_1_110' title='bbox 162 2048 275 2110; x_wconf 88' lang='lat' dir='ltr'>Datum</span> <span class='ocrx_word' id='word_1_111' title='bbox 301 2049 393 2112; x_wconf 89' lang='lat' dir='ltr'>Bude</span> <span class='ocrx_word' id='word_1_112' title='bbox 419 2049 496 2112; x_wconf 85' lang='lat' dir='ltr'>feria</span> <span class='ocrx_word' id='word_1_113' title='bbox 520 2051 660 2112; x_wconf 90' lang='lat' dir='ltr'>secunda</span> <span class='ocrx_word' id='word_1_114' title='bbox 684 2051 829 2133; x_wconf 87' lang='lat' dir='ltr'>proxima</span> <span class='ocrx_word' id='word_1_115' title='bbox 853 2065 925 2134; x_wconf 89' lang='lat' dir='ltr'>post</span> <span class='ocrx_word' id='word_1_116' title='bbox 947 2052 1144 2114; x_wconf 90' lang='lat' dir='ltr'>dominicam</span> <span class='ocrx_word' id='word_1_117' title='bbox 1169 2055 1292 2115; x_wconf 87' lang='lat' dir='ltr'>Letare.</span> <span class='ocrx_word' id='word_1_118' title='bbox 1329 2057 1425 2114; x_wconf 80' lang='lat' dir='ltr'>Anno</span> 
     </span>
     <span class='ocr_line' id='line_1_15' title="bbox 161 2155 1425 2240; baseline 0.004 -24"><span class='ocrx_word' id='word_1_119' title='bbox 161 2155 279 2217; x_wconf 89' lang='lat' dir='ltr'>domini</span> <span class='ocrx_word' id='word_1_120' title='bbox 307 2156 481 2218; x_wconf 85' lang='lat' dir='ltr'>millesimo</span> <span class='ocrx_word' id='word_1_121' title='bbox 506 2157 765 2239; x_wconf 86' lang='lat' dir='ltr'>quingentesimo</span> <span class='ocrx_word' id='word_1_122' title='bbox 787 2157 911 2238; x_wconf 91' lang='lat' dir='ltr'>quinto.</span> <span class='ocrx_word' id='word_1_123' title='bbox 930 2159 1117 2240; x_wconf 80' lang='lat' dir='ltr'>Regnorum</span> <span class='ocrx_word' id='word_1_124' title='bbox 1134 2173 1317 2221; x_wconf 89' lang='lat' dir='ltr'>nostrorum</span> <span class='ocrx_word' id='word_1_125' title='bbox 1334 2159 1425 2220; x_wconf 91' lang='lat' dir='ltr'>Hun-</span> 
     </span>
    </p>
   </div>
   <div class='ocr_carea' id='block_1_3' title="bbox 160 2261 1425 2642">
    <p class='ocr_par' dir='ltr' id='par_1_3' title="bbox 160 2261 1354 2347">
     <span class='ocr_line' id='line_1_16' title="bbox 160 2261 1354 2347; baseline 0.006 -26"><span class='ocrx_word' id='word_1_126' title='bbox 160 2261 242 2341; x_wconf 85' lang='lat' dir='ltr'>garie</span> <span class='ocrx_word' id='word_1_127' title='bbox 267 2273 328 2323; x_wconf 93' lang='lat' dir='ltr'>etc.</span> <span class='ocrx_word' id='word_1_128' title='bbox 353 2281 439 2323; x_wconf 88' lang='lat' dir='ltr'>anno</span> <span class='ocrx_word' id='word_1_129' title='bbox 463 2262 590 2324; x_wconf 87' lang='lat' dir='ltr'>decimo</span> <span class='ocrx_word' id='word_1_130' title='bbox 615 2263 739 2344; x_wconf 87' lang='lat' dir='ltr'>quinto,</span> <span class='ocrx_word' id='word_1_131' title='bbox 764 2263 920 2326; x_wconf 90' lang='lat' dir='ltr'>Bohemie</span> <span class='ocrx_word' id='word_1_132' title='bbox 945 2285 1020 2327; x_wconf 88' lang='lat' dir='ltr'>vero</span> <span class='ocrx_word' id='word_1_133' title='bbox 1044 2266 1205 2328; x_wconf 83' lang='lat' dir='ltr'>tricesimo</span> <span class='ocrx_word' id='word_1_134' title='bbox 1229 2266 1354 2347; x_wconf 90' lang='lat' dir='ltr'>quinto.</span> 
     </span>
    </p>

    <p class='ocr_par' dir='ltr' id='par_1_4' title="bbox 162 2399 1425 2642">
     <span class='ocr_line' id='line_1_17' title="bbox 261 2399 1425 2468; baseline 0.003 -16"><span class='ocrx_word' id='word_1_135' title='bbox 261 2399 293 2452; x_wconf 91' lang='lat' dir='ltr'>ln</span> <span class='ocrx_word' id='word_1_136' title='bbox 315 2399 412 2452; x_wconf 82' lang='lat' dir='ltr'>archiv.</span> <span class='ocrx_word' id='word_1_137' title='bbox 432 2416 490 2454; x_wconf 89' lang='lat' dir='ltr'>ven.</span> <span class='ocrx_word' id='word_1_138' title='bbox 513 2400 596 2466; x_wconf 86' lang='lat' dir='ltr'>Capit.</span> <span class='ocrx_word' id='word_1_139' title='bbox 614 2403 723 2467; x_wconf 80' lang='lat' dir='ltr'>zagrab.</span> <span class='ocrx_word' id='word_1_140' title='bbox 741 2403 797 2454; x_wconf 78' lang='lat' dir='ltr'>Aet.</span> <span class='ocrx_word' id='word_1_141' title='bbox 818 2403 871 2468; x_wconf 87' lang='lat' dir='ltr'>Cap</span> <span class='ocrx_word' id='word_1_142' title='bbox 898 2409 950 2456; x_wconf 87' lang='lat' dir='ltr'>ant.</span> <span class='ocrx_word' id='word_1_143' title='bbox 965 2405 1020 2456; x_wconf 73' lang='lat' dir='ltr'>raso</span> <span class='ocrx_word' id='word_1_144' title='bbox 1042 2406 1050 2454; x_wconf 91' lang='lat' dir='ltr'>l</span> <span class='ocrx_word' id='word_1_145' title='bbox 1072 2419 1108 2455; x_wconf 91' lang='lat' dir='ltr'>nr.</span> <span class='ocrx_word' id='word_1_146' title='bbox 1130 2406 1169 2457; x_wconf 88' lang='grc'>17.</span> <span class='ocrx_word' id='word_1_147' title='bbox 1182 2433 1212 2442; x_wconf 94' lang='grc'>-</span> <span class='ocrx_word' id='word_1_148' title='bbox 1225 2405 1372 2456; x_wconf 86' lang='lat' dir='ltr'>Ludovieus</span> <span class='ocrx_word' id='word_1_149' title='bbox 1392 2402 1425 2456; x_wconf 91' lang='grc' dir='ltr'>ΙΙ.</span> 
     </span>
     <span class='ocr_line' id='line_1_18' title="bbox 162 2488 1425 2555; baseline 0.003 -17"><span class='ocrx_word' id='word_1_150' title='bbox 162 2502 225 2540; x_wconf 84' lang='lat' dir='ltr'>anuo</span> <span class='ocrx_word' id='word_1_151' title='bbox 251 2489 323 2540; x_wconf 87' lang='grc'>1519</span> <span class='ocrx_word' id='word_1_152' title='bbox 343 2489 409 2541; x_wconf 88' lang='lat' dir='ltr'>bano</span> <span class='ocrx_word' id='word_1_153' title='bbox 437 2488 633 2555; x_wconf 83' lang='lat' dir='ltr'>exemptionem</span> <span class='ocrx_word' id='word_1_154' title='bbox 656 2505 671 2540; x_wconf 89' lang='lat' dir='ltr'>a</span> <span class='ocrx_word' id='word_1_155' title='bbox 691 2489 825 2542; x_wconf 90' lang='lat' dir='ltr'>solutione</span> <span class='ocrx_word' id='word_1_156' title='bbox 848 2493 1016 2544; x_wconf 84' lang='lat' dir='ltr'>eolleotarum</span> <span class='ocrx_word' id='word_1_157' title='bbox 1040 2498 1066 2542; x_wconf 91' lang='lat' dir='ltr'>et</span> <span class='ocrx_word' id='word_1_158' title='bbox 1086 2492 1219 2544; x_wconf 85' lang='lat' dir='ltr'>lumalium</span> <span class='ocrx_word' id='word_1_159' title='bbox 1249 2493 1425 2554; x_wconf 86' lang='lat' dir='ltr'>denariorum,</span> 
     </span>
     <span class='ocr_line' id='line_1_19' title="bbox 162 2576 1425 2642; baseline 0.003 -16"><span class='ocrx_word' id='word_1_160' title='bbox 162 2576 264 2640; x_wconf 81' lang='lat' dir='ltr'>populis</span> <span class='ocrx_word' id='word_1_161' title='bbox 291 2576 402 2640; x_wconf 85' lang='lat' dir='ltr'>eapituli</span> <span class='ocrx_word' id='word_1_162' title='bbox 427 2580 532 2642; x_wconf 79' lang='lat' dir='ltr'>zagrab.</span> <span class='ocrx_word' id='word_1_163' title='bbox 554 2579 640 2630; x_wconf 85' lang='lat' dir='ltr'>datam</span> <span class='ocrx_word' id='word_1_164' title='bbox 669 2577 806 2630; x_wconf 87' lang='lat' dir='ltr'>transumit</span> <span class='ocrx_word' id='word_1_165' title='bbox 835 2585 861 2630; x_wconf 91' lang='lat' dir='ltr'>et</span> <span class='ocrx_word' id='word_1_166' title='bbox 886 2580 1030 2632; x_wconf 79' lang='lat' dir='ltr'>confirmat.</span> <span class='ocrx_word' id='word_1_167' title='bbox 1051 2581 1115 2632; x_wconf 86' lang='lat' dir='ltr'>lasr.</span> <span class='ocrx_word' id='word_1_168' title='bbox 1139 2581 1158 2631; x_wconf 94' lang='lat' dir='ltr'>l.</span> <span class='ocrx_word' id='word_1_169' title='bbox 1180 2595 1218 2632; x_wconf 91' lang='lat' dir='ltr'>nr.</span> <span class='ocrx_word' id='word_1_170' title='bbox 1238 2580 1280 2632; x_wconf 90' lang='lat'>18.</span> <span class='ocrx_word' id='word_1_171' title='bbox 1302 2607 1332 2616; x_wconf 94' lang='lat'>—</span> <span class='ocrx_word' id='word_1_172' title='bbox 1353 2577 1425 2631; x_wconf 85' lang='lat' dir='ltr'>ldem</span> 
     </span>
    </p>
   </div>
   <div class='ocr_carea' id='block_1_4' title="bbox 162 2660 1426 2818">
    <p class='ocr_par' dir='ltr' id='par_1_5' title="bbox 162 2660 1426 2818">
     <span class='ocr_line' id='line_1_20' title="bbox 162 2660 1426 2733; baseline 0.006 -22"><span class='ocrx_word' id='word_1_173' title='bbox 162 2660 308 2714; x_wconf 75' lang='lat' dir='ltr'>ludovic-us</span> <span class='ocrx_word' id='word_1_174' title='bbox 329 2661 363 2716; x_wconf 92' lang='lat' dir='ltr'>ll.</span> <span class='ocrx_word' id='word_1_175' title='bbox 383 2679 440 2715; x_wconf 89' lang='lat' dir='ltr'>anu.</span> <span class='ocrx_word' id='word_1_176' title='bbox 463 2666 529 2716; x_wconf 81' lang='lat'>1519</span> <span class='ocrx_word' id='word_1_177' title='bbox 549 2670 621 2717; x_wconf 89' lang='lat' dir='ltr'>vetat</span> <span class='ocrx_word' id='word_1_178' title='bbox 640 2664 759 2717; x_wconf 89' lang='lat' dir='ltr'>homines</span> <span class='ocrx_word' id='word_1_179' title='bbox 779 2667 886 2731; x_wconf 80' lang='lat' dir='ltr'>capituli</span> <span class='ocrx_word' id='word_1_180' title='bbox 905 2669 966 2733; x_wconf 82' lang='lat' dir='ltr'>uugi</span> <span class='ocrx_word' id='word_1_181' title='bbox 985 2669 1018 2719; x_wconf 89' lang='lat' dir='ltr'>ad</span> <span class='ocrx_word' id='word_1_182' title='bbox 1037 2667 1197 2719; x_wconf 87' lang='lat' dir='ltr'>solutionem</span> <span class='ocrx_word' id='word_1_183' title='bbox 1217 2668 1426 2732; x_wconf 82' lang='lat' dir='ltr'>praestationum</span> 
     </span>
     <span class='ocr_line' id='line_1_21' title="bbox 162 2750 1417 2818; baseline 0.005 -17"><span class='ocrx_word' id='word_1_184' title='bbox 162 2750 294 2802; x_wconf 80' lang='lat' dir='ltr'>lunellum</span> <span class='ocrx_word' id='word_1_185' title='bbox 314 2752 340 2802; x_wconf 90' lang='lat' dir='ltr'>in</span> <span class='ocrx_word' id='word_1_186' title='bbox 359 2755 484 2804; x_wconf 85' lang='lat' dir='ltr'>mandato</span> <span class='ocrx_word' id='word_1_187' title='bbox 504 2755 536 2804; x_wconf 89' lang='lat' dir='ltr'>ad</span> <span class='ocrx_word' id='word_1_188' title='bbox 557 2753 662 2805; x_wconf 87' lang='lat' dir='ltr'>Petrum</span> <span class='ocrx_word' id='word_1_189' title='bbox 682 2754 793 2818; x_wconf 84' lang='lat' dir='ltr'>Beryzlo</span> <span class='ocrx_word' id='word_1_190' title='bbox 816 2756 910 2806; x_wconf 86' lang='lat' dir='ltr'>bannm</span> <span class='ocrx_word' id='word_1_191' title='bbox 932 2755 1039 2807; x_wconf 87' lang='lat' dir='ltr'>Croatie</span> <span class='ocrx_word' id='word_1_192' title='bbox 1059 2757 1178 2808; x_wconf 87' lang='lat' dir='ltr'>dimisso.</span> <span class='ocrx_word' id='word_1_193' title='bbox 1199 2755 1272 2808; x_wconf 83' lang='lat' dir='ltr'>Faso.</span> <span class='ocrx_word' id='word_1_194' title='bbox 1295 2757 1303 2805; x_wconf 96' lang='lat' dir='ltr'>l</span> <span class='ocrx_word' id='word_1_195' title='bbox 1327 2770 1364 2806; x_wconf 85' lang='lat' dir='ltr'>nr.</span> <span class='ocrx_word' id='word_1_196' title='bbox 1385 2755 1417 2807; x_wconf 92' lang='lat'>19</span> 
     </span>
    </p>
   </div>
   <div class='ocr_carea' id='block_1_5' title="bbox 261 3019 829 3216">
    <p class='ocr_par' dir='ltr' id='par_1_6' title="bbox 261 3019 829 3216">
     <span class='ocr_line' id='line_1_22' title="bbox 767 3019 829 3084; baseline -0.065 0"><span class='ocrx_word' id='word_1_197' title='bbox 767 3019 829 3084; x_wconf 87' lang='grc'>36.</span> 
     </span>
     <span class='ocr_line' id='line_1_23' title="bbox 261 3156 731 3216; baseline -0.004 -6"><span class='ocrx_word' id='word_1_198' title='bbox 261 3161 338 3210; x_wconf 79' lang='lat' dir='ltr'>Anno</span> <span class='ocrx_word' id='word_1_199' title='bbox 360 3157 436 3216; x_wconf 80' lang='lat'>1505,</span> <span class='ocrx_word' id='word_1_200' title='bbox 457 3159 498 3208; x_wconf 80' lang='lat'>30.</span> <span class='ocrx_word' id='word_1_201' title='bbox 516 3157 613 3210; x_wconf 88' lang='lat' dir='ltr'>martii.</span> <span class='ocrx_word' id='word_1_202' title='bbox 633 3156 731 3208; x_wconf 84' lang='lat' dir='ltr'>Budae.</span> 
     </span>
    </p>
   </div>
   <div class='ocr_carea' id='block_1_6' title="bbox 161 3285 1427 3472">
    <p class='ocr_par' dir='ltr' id='par_1_7' title="bbox 161 3285 1427 3472">
     <span class='ocr_line' id='line_1_24' title="bbox 169 3285 1427 3361; baseline 0.002 -19"><span class='ocrx_word' id='word_1_203' title='bbox 169 3285 335 3344; x_wconf 81' lang='lat' dir='ltr'>Vludr&#39;slaus</span> <span class='ocrx_word' id='word_1_204' title='bbox 357 3286 537 3358; x_wconf 84' lang='lat' dir='ltr'>Hungariac</span> <span class='ocrx_word' id='word_1_205' title='bbox 567 3291 617 3344; x_wconf 79' lang='lat' dir='ltr'>etc.</span> <span class='ocrx_word' id='word_1_206' title='bbox 639 3303 693 3342; x_wconf 80' lang='lat' dir='ltr'>rex</span> <span class='ocrx_word' id='word_1_207' title='bbox 715 3286 843 3344; x_wconf 84' lang='lat' dir='ltr'>omnibus</span> <span class='ocrx_word' id='word_1_208' title='bbox 865 3287 1012 3356; x_wconf 82' lang='lat' dir='ltr'>nobilibus,</span> <span class='ocrx_word' id='word_1_209' title='bbox 1036 3287 1249 3360; x_wconf 81' lang='lat' dir='ltr'>hominibusque</span> <span class='ocrx_word' id='word_1_210' title='bbox 1274 3285 1427 3361; x_wconf 81' lang='lat' dir='ltr'>posscssio-</span> 
     </span>
     <span class='ocr_line' id='line_1_25' title="bbox 161 3391 1422 3472; baseline 0.005 -25"><span class='ocrx_word' id='word_1_211' title='bbox 161 3393 234 3449; x_wconf 79' lang='lat' dir='ltr'>naris</span> <span class='ocrx_word' id='word_1_212' title='bbox 256 3393 386 3460; x_wconf 81' lang='lat' dir='ltr'>mandat,</span> <span class='ocrx_word' id='word_1_213' title='bbox 404 3410 439 3449; x_wconf 87' lang='lat' dir='ltr'>ne</span> <span class='ocrx_word' id='word_1_214' title='bbox 453 3411 473 3448; x_wconf 89' lang='lat' dir='ltr'>a</span> <span class='ocrx_word' id='word_1_215' title='bbox 488 3391 596 3449; x_wconf 84' lang='lat' dir='ltr'>civibus</span> <span class='ocrx_word' id='word_1_216' title='bbox 610 3393 845 3463; x_wconf 79' lang='lat' dir='ltr'>sagrabiensrbus</span> <span class='ocrx_word' id='word_1_217' title='bbox 853 3401 912 3465; x_wconf 85' lang='lat' dir='ltr'>pro</span> <span class='ocrx_word' id='word_1_218' title='bbox 928 3411 1016 3450; x_wconf 84' lang='lat' dir='ltr'>merce</span> <span class='ocrx_word' id='word_1_219' title='bbox 1032 3392 1171 3452; x_wconf 78' lang='lat' dir='ltr'>trt&#39;butum</span> <span class='ocrx_word' id='word_1_220' title='bbox 1179 3403 1273 3466; x_wconf 80' lang='lat' dir='ltr'>porro</span> <span class='ocrx_word' id='word_1_221' title='bbox 1288 3397 1422 3472; x_wconf 66' lang='lat' dir='ltr'>exrganl.</span> 
     </span>
    </p>
   </div>
   <div class='ocr_carea' id='block_1_7' title="bbox 851 3527 1356 3595">
    <p class='ocr_par' dir='ltr' id='par_1_8' title="bbox 851 3527 1356 3595">
     <span class='ocr_line' id='line_1_26' title="bbox 851 3527 1356 3595; baseline 0.01 -16"><span class='ocrx_word' id='word_1_222' title='bbox 851 3527 1010 3581; x_wconf 82' lang='lat' dir='ltr'>Commissio</span> <span class='ocrx_word' id='word_1_223' title='bbox 1030 3529 1138 3594; x_wconf 86' lang='lat' dir='ltr'>propria</span> <span class='ocrx_word' id='word_1_224' title='bbox 1158 3531 1256 3582; x_wconf 86' lang='lat' dir='ltr'>domini</span> <span class='ocrx_word' id='word_1_225' title='bbox 1277 3531 1356 3595; x_wconf 83' lang='lat' dir='ltr'>regis.</span> 
     </span>
    </p>
   </div>
   <div class='ocr_carea' id='block_1_8' title="bbox 159 3651 1432 5005">
    <p class='ocr_par' dir='ltr' id='par_1_9' title="bbox 159 3651 1432 5005">
     <span class='ocr_line' id='line_1_27' title="bbox 262 3651 1428 3735; baseline 0.001 -21"><span class='ocrx_word' id='word_1_226' title='bbox 262 3651 464 3714; x_wconf 87' lang='lat' dir='ltr'>Wladislaus</span> <span class='ocrx_word' id='word_1_227' title='bbox 488 3652 539 3714; x_wconf 90' lang='lat' dir='ltr'>dei</span> <span class='ocrx_word' id='word_1_228' title='bbox 562 3653 668 3735; x_wconf 84' lang='lat' dir='ltr'>gracia</span> <span class='ocrx_word' id='word_1_229' title='bbox 693 3673 745 3715; x_wconf 88' lang='lat' dir='ltr'>rex</span> <span class='ocrx_word' id='word_1_230' title='bbox 771 3653 937 3735; x_wconf 81' lang='lat' dir='ltr'>Hungarie</span> <span class='ocrx_word' id='word_1_231' title='bbox 962 3667 992 3716; x_wconf 92' lang='lat' dir='ltr'>et</span> <span class='ocrx_word' id='word_1_232' title='bbox 1012 3655 1167 3717; x_wconf 90' lang='lat' dir='ltr'>Bohemie</span> <span class='ocrx_word' id='word_1_233' title='bbox 1184 3669 1242 3717; x_wconf 92' lang='lat' dir='ltr'>etc.</span> <span class='ocrx_word' id='word_1_234' title='bbox 1262 3655 1428 3718; x_wconf 89' lang='lat' dir='ltr'>Universis</span> 
     </span>
     <span class='ocr_line' id='line_1_28' title="bbox 161 3758 1428 3842; baseline 0.003 -25"><span class='ocrx_word' id='word_1_235' title='bbox 161 3768 190 3817; x_wconf 87' lang='lat' dir='ltr'>et</span> <span class='ocrx_word' id='word_1_236' title='bbox 219 3758 356 3838; x_wconf 86' lang='lat' dir='ltr'>singulis</span> <span class='ocrx_word' id='word_1_237' title='bbox 387 3759 553 3819; x_wconf 92' lang='lat' dir='ltr'>nobilibus</span> <span class='ocrx_word' id='word_1_238' title='bbox 580 3773 611 3820; x_wconf 85' lang='lat' dir='ltr'>et</span> <span class='ocrx_word' id='word_1_239' title='bbox 641 3759 772 3822; x_wconf 86' lang='lat' dir='ltr'>alterius</span> <span class='ocrx_word' id='word_1_240' title='bbox 796 3759 935 3820; x_wconf 91' lang='lat' dir='ltr'>cuiusvis</span> <span class='ocrx_word' id='word_1_241' title='bbox 957 3772 1055 3821; x_wconf 85' lang='lat' dir='ltr'>status</span> <span class='ocrx_word' id='word_1_242' title='bbox 1079 3775 1110 3820; x_wconf 91' lang='lat' dir='ltr'>et</span> <span class='ocrx_word' id='word_1_243' title='bbox 1133 3760 1332 3821; x_wconf 90' lang='lat' dir='ltr'>condicionis</span> <span class='ocrx_word' id='word_1_244' title='bbox 1357 3780 1428 3842; x_wconf 91' lang='lat' dir='ltr'>pos-</span> 
     </span>
     <span class='ocr_line' id='line_1_29' title="bbox 161 3862 1428 3948; baseline 0.004 -27"><span class='ocrx_word' id='word_1_245' title='bbox 161 3864 343 3925; x_wconf 85' lang='lat' dir='ltr'>sessionatis</span> <span class='ocrx_word' id='word_1_246' title='bbox 364 3862 561 3943; x_wconf 90' lang='lat' dir='ltr'>hominibus,</span> <span class='ocrx_word' id='word_1_247' title='bbox 587 3865 692 3927; x_wconf 91' lang='lat' dir='ltr'>ubivis</span> <span class='ocrx_word' id='word_1_248' title='bbox 722 3885 779 3948; x_wconf 91' lang='lat' dir='ltr'>per</span> <span class='ocrx_word' id='word_1_249' title='bbox 802 3886 898 3948; x_wconf 86' lang='lat' dir='ltr'>regna</span> <span class='ocrx_word' id='word_1_250' title='bbox 923 3878 1028 3926; x_wconf 87' lang='lat' dir='ltr'>nostra</span> <span class='ocrx_word' id='word_1_251' title='bbox 1057 3864 1234 3945; x_wconf 85' lang='lat' dir='ltr'>Hungarie‚</span> <span class='ocrx_word' id='word_1_252' title='bbox 1260 3865 1428 3927; x_wconf 87' lang='lat' dir='ltr'>Sclavonie</span> 
     </span>
     <span class='ocr_line' id='line_1_30' title="bbox 162 3968 1430 4053; baseline 0.002 -25"><span class='ocrx_word' id='word_1_253' title='bbox 162 3981 190 4028; x_wconf 89' lang='lat' dir='ltr'>et</span> <span class='ocrx_word' id='word_1_254' title='bbox 211 3968 349 4031; x_wconf 88' lang='lat' dir='ltr'>Croacie</span> <span class='ocrx_word' id='word_1_255' title='bbox 374 3969 491 4031; x_wconf 87' lang='lat' dir='ltr'>tributa</span> <span class='ocrx_word' id='word_1_256' title='bbox 515 3969 717 4050; x_wconf 86' lang='lat' dir='ltr'>habentibus,</span> <span class='ocrx_word' id='word_1_257' title='bbox 745 3972 929 4033; x_wconf 90' lang='lat' dir='ltr'>tenentibus</span> <span class='ocrx_word' id='word_1_258' title='bbox 953 3991 1008 4032; x_wconf 91' lang='lat' dir='ltr'>seu</span> <span class='ocrx_word' id='word_1_259' title='bbox 1034 3971 1244 4053; x_wconf 82' lang='lat' dir='ltr'>exigentibus,</span> <span class='ocrx_word' id='word_1_260' title='bbox 1268 3985 1430 4053; x_wconf 87' lang='lat' dir='ltr'>presentes</span> 
     </span>
     <span class='ocr_line' id='line_1_31' title="bbox 160 4075 1429 4159; baseline 0.003 -25"><span class='ocrx_word' id='word_1_261' title='bbox 160 4075 285 4154; x_wconf 89' lang='lat' dir='ltr'>visuris,</span> <span class='ocrx_word' id='word_1_262' title='bbox 309 4075 445 4136; x_wconf 84' lang='lat' dir='ltr'>salutem</span> <span class='ocrx_word' id='word_1_263' title='bbox 469 4087 500 4137; x_wconf 91' lang='lat' dir='ltr'>et</span> <span class='ocrx_word' id='word_1_264' title='bbox 521 4076 672 4156; x_wconf 86' lang='lat' dir='ltr'>graciam.</span> <span class='ocrx_word' id='word_1_265' title='bbox 691 4077 776 4138; x_wconf 91' lang='lat' dir='ltr'>Cum</span> <span class='ocrx_word' id='word_1_266' title='bbox 799 4077 910 4138; x_wconf 88' lang='lat' dir='ltr'>fideles</span> <span class='ocrx_word' id='word_1_267' title='bbox 934 4078 1032 4138; x_wconf 91' lang='lat' dir='ltr'>nostri</span> <span class='ocrx_word' id='word_1_268' title='bbox 1053 4077 1226 4159; x_wconf 91' lang='lat' dir='ltr'>prudentes</span> <span class='ocrx_word' id='word_1_269' title='bbox 1248 4091 1278 4138; x_wconf 90' lang='lat' dir='ltr'>et</span> <span class='ocrx_word' id='word_1_270' title='bbox 1295 4077 1429 4138; x_wconf 89' lang='lat' dir='ltr'>circum-</span> 
     </span>
     <span class='ocr_line' id='line_1_32' title="bbox 160 4180 1430 4264; baseline 0.005 -26"><span class='ocrx_word' id='word_1_271' title='bbox 160 4181 256 4261; x_wconf 90' lang='lat' dir='ltr'>specti</span> <span class='ocrx_word' id='word_1_272' title='bbox 280 4180 387 4259; x_wconf 85' lang='lat' dir='ltr'>iudex,</span> <span class='ocrx_word' id='word_1_273' title='bbox 409 4181 513 4260; x_wconf 86' lang='lat' dir='ltr'>iurati,</span> <span class='ocrx_word' id='word_1_274' title='bbox 531 4182 692 4263; x_wconf 91' lang='lat' dir='ltr'>ceterique</span> <span class='ocrx_word' id='word_1_275' title='bbox 717 4183 801 4244; x_wconf 86' lang='lat' dir='ltr'>cives</span> <span class='ocrx_word' id='word_1_276' title='bbox 825 4196 855 4244; x_wconf 92' lang='lat' dir='ltr'>et</span> <span class='ocrx_word' id='word_1_277' title='bbox 879 4183 983 4264; x_wconf 90' lang='lat' dir='ltr'>incole</span> <span class='ocrx_word' id='word_1_278' title='bbox 1008 4183 1142 4244; x_wconf 88' lang='lat' dir='ltr'>civitatis</span> <span class='ocrx_word' id='word_1_279' title='bbox 1166 4195 1272 4244; x_wconf 92' lang='lat' dir='ltr'>nostre</span> <span class='ocrx_word' id='word_1_280' title='bbox 1298 4183 1430 4244; x_wconf 89' lang='lat' dir='ltr'>Montis-</span> 
     </span>
     <span class='ocr_line' id='line_1_33' title="bbox 159 4286 1428 4370; baseline 0.004 -25"><span class='ocrx_word' id='word_1_281' title='bbox 159 4286 331 4365; x_wconf 82' lang='lat' dir='ltr'>grecensis,</span> <span class='ocrx_word' id='word_1_282' title='bbox 348 4287 480 4368; x_wconf 85' lang='lat' dir='ltr'>antiqua</span> <span class='ocrx_word' id='word_1_283' title='bbox 505 4287 661 4349; x_wconf 88' lang='lat' dir='ltr'>libertatis</span> <span class='ocrx_word' id='word_1_284' title='bbox 681 4288 823 4370; x_wconf 92' lang='lat' dir='ltr'>ipsorum</span> <span class='ocrx_word' id='word_1_285' title='bbox 848 4288 1049 4369; x_wconf 86' lang='lat' dir='ltr'>prerogativa</span> <span class='ocrx_word' id='word_1_286' title='bbox 1071 4288 1262 4368; x_wconf 83' lang='lat' dir='ltr'>requirente,</span> <span class='ocrx_word' id='word_1_287' title='bbox 1280 4290 1319 4350; x_wconf 85' lang='lat' dir='ltr'>ab</span> <span class='ocrx_word' id='word_1_288' title='bbox 1340 4289 1428 4350; x_wconf 92' lang='lat' dir='ltr'>omni</span> 
     </span>
     <span class='ocr_line' id='line_1_34' title="bbox 160 4391 1430 4476; baseline 0.003 -25"><span class='ocrx_word' id='word_1_289' title='bbox 160 4391 326 4453; x_wconf 88' lang='lat' dir='ltr'>tributaria</span> <span class='ocrx_word' id='word_1_290' title='bbox 358 4393 524 4455; x_wconf 90' lang='lat' dir='ltr'>solucione</span> <span class='ocrx_word' id='word_1_291' title='bbox 556 4393 692 4456; x_wconf 91' lang='lat' dir='ltr'>ubilibet</span> <span class='ocrx_word' id='word_1_292' title='bbox 715 4413 771 4476; x_wconf 86' lang='lat' dir='ltr'>per</span> <span class='ocrx_word' id='word_1_293' title='bbox 795 4394 953 4454; x_wconf 89' lang='lat' dir='ltr'>ambitum</span> <span class='ocrx_word' id='word_1_294' title='bbox 977 4392 1135 4454; x_wconf 92' lang='lat' dir='ltr'>dictorum</span> <span class='ocrx_word' id='word_1_295' title='bbox 1161 4413 1333 4474; x_wconf 85' lang='lat' dir='ltr'>regnorum</span> <span class='ocrx_word' id='word_1_296' title='bbox 1358 4414 1430 4455; x_wconf 93' lang='lat' dir='ltr'>nos-</span> 
     </span>
     <span class='ocr_line' id='line_1_35' title="bbox 160 4499 1431 4582; baseline 0.003 -26"><span class='ocrx_word' id='word_1_297' title='bbox 160 4509 283 4559; x_wconf 91' lang='lat' dir='ltr'>trorum</span> <span class='ocrx_word' id='word_1_298' title='bbox 309 4499 447 4580; x_wconf 83' lang='lat' dir='ltr'>exempti</span> <span class='ocrx_word' id='word_1_299' title='bbox 470 4499 532 4562; x_wconf 87' lang='lat' dir='ltr'>sint</span> <span class='ocrx_word' id='word_1_300' title='bbox 556 4513 587 4560; x_wconf 90' lang='lat' dir='ltr'>et</span> <span class='ocrx_word' id='word_1_301' title='bbox 609 4499 786 4582; x_wconf 87' lang='lat' dir='ltr'>supportati</span> <span class='ocrx_word' id='word_1_302' title='bbox 810 4499 998 4578; x_wconf 89' lang='lat' dir='ltr'>habeantur,</span> <span class='ocrx_word' id='word_1_303' title='bbox 1023 4499 1224 4579; x_wconf 89' lang='lat' dir='ltr'>velimusque</span> <span class='ocrx_word' id='word_1_304' title='bbox 1249 4500 1379 4562; x_wconf 91' lang='lat' dir='ltr'>eosdem</span> <span class='ocrx_word' id='word_1_305' title='bbox 1401 4515 1431 4561; x_wconf 93' lang='lat' dir='ltr'>et</span> 
     </span>
     <span class='ocr_line' id='line_1_36' title="bbox 160 4602 1429 4688; baseline 0.002 -25"><span class='ocrx_word' id='word_1_306' title='bbox 160 4602 304 4683; x_wconf 91' lang='lat' dir='ltr'>ipsorum</span> <span class='ocrx_word' id='word_1_307' title='bbox 330 4604 508 4683; x_wconf 90' lang='lat' dir='ltr'>quemlibet</span> <span class='ocrx_word' id='word_1_308' title='bbox 532 4605 652 4686; x_wconf 93' lang='lat' dir='ltr'>ubique</span> <span class='ocrx_word' id='word_1_309' title='bbox 676 4626 732 4688; x_wconf 90' lang='lat' dir='ltr'>per</span> <span class='ocrx_word' id='word_1_310' title='bbox 756 4605 824 4686; x_wconf 89' lang='lat' dir='ltr'>ipsa</span> <span class='ocrx_word' id='word_1_311' title='bbox 852 4625 949 4687; x_wconf 81' lang='lat' dir='ltr'>regna</span> <span class='ocrx_word' id='word_1_312' title='bbox 974 4619 1091 4684; x_wconf 85' lang='lat' dir='ltr'>nostra,</span> <span class='ocrx_word' id='word_1_313' title='bbox 1116 4618 1285 4687; x_wconf 90' lang='lat' dir='ltr'>partesque</span> <span class='ocrx_word' id='word_1_314' title='bbox 1310 4607 1429 4667; x_wconf 89' lang='lat' dir='ltr'>eisdem</span> 
     </span>
     <span class='ocr_line' id='line_1_37' title="bbox 161 4711 1430 4793; baseline 0.002 -24"><span class='ocrx_word' id='word_1_315' title='bbox 161 4722 191 4768; x_wconf 89' lang='lat' dir='ltr'>et</span> <span class='ocrx_word' id='word_1_316' title='bbox 213 4729 304 4771; x_wconf 88' lang='lat' dir='ltr'>sacre</span> <span class='ocrx_word' id='word_1_317' title='bbox 329 4729 447 4770; x_wconf 88' lang='lat' dir='ltr'>corone</span> <span class='ocrx_word' id='word_1_318' title='bbox 464 4711 631 4790; x_wconf 85' lang='lat' dir='ltr'>subiectas,</span> <span class='ocrx_word' id='word_1_319' title='bbox 648 4731 745 4793; x_wconf 91' lang='lat' dir='ltr'>penes</span> <span class='ocrx_word' id='word_1_320' title='bbox 761 4711 947 4773; x_wconf 91' lang='lat' dir='ltr'>huiusmodi</span> <span class='ocrx_word' id='word_1_321' title='bbox 969 4711 1111 4792; x_wconf 90' lang='lat' dir='ltr'>ipsorum</span> <span class='ocrx_word' id='word_1_322' title='bbox 1132 4712 1277 4773; x_wconf 85' lang='lat' dir='ltr'>libertate</span> <span class='ocrx_word' id='word_1_323' title='bbox 1297 4711 1430 4772; x_wconf 91' lang='lat' dir='ltr'>omnino</span> 
     </span>
     <span class='ocr_line' id='line_1_38' title="bbox 159 4815 1432 4898; baseline 0.004 -24"><span class='ocrx_word' id='word_1_324' title='bbox 159 4825 246 4876; x_wconf 87' lang='lat' dir='ltr'>tutos</span> <span class='ocrx_word' id='word_1_325' title='bbox 276 4835 355 4894; x_wconf 88' lang='lat' dir='ltr'>esse,</span> <span class='ocrx_word' id='word_1_326' title='bbox 381 4815 564 4896; x_wconf 88' lang='lat' dir='ltr'>liberosque</span> <span class='ocrx_word' id='word_1_327' title='bbox 598 4830 628 4877; x_wconf 90' lang='lat' dir='ltr'>et</span> <span class='ocrx_word' id='word_1_328' title='bbox 659 4837 797 4896; x_wconf 87' lang='lat' dir='ltr'>securos,</span> <span class='ocrx_word' id='word_1_329' title='bbox 829 4815 973 4877; x_wconf 89' lang='lat' dir='ltr'>fidelitati</span> <span class='ocrx_word' id='word_1_330' title='bbox 1000 4817 1096 4898; x_wconf 87' lang='lat' dir='ltr'>igitur</span> <span class='ocrx_word' id='word_1_331' title='bbox 1121 4831 1222 4878; x_wconf 89' lang='lat' dir='ltr'>vestre</span> <span class='ocrx_word' id='word_1_332' title='bbox 1247 4831 1277 4878; x_wconf 93' lang='lat' dir='ltr'>et</span> <span class='ocrx_word' id='word_1_333' title='bbox 1301 4817 1432 4880; x_wconf 90' lang='lat' dir='ltr'>cuilibet</span> 
     </span>
     <span class='ocr_line' id='line_1_39' title="bbox 160 4919 1431 5005; baseline 0.005 -27"><span class='ocrx_word' id='word_1_334' title='bbox 160 4934 300 4982; x_wconf 90' lang='lat' dir='ltr'>vestrum</span> <span class='ocrx_word' id='word_1_335' title='bbox 342 4919 456 4982; x_wconf 87' lang='lat' dir='ltr'>harum</span> <span class='ocrx_word' id='word_1_336' title='bbox 495 4921 574 4982; x_wconf 91' lang='lat' dir='ltr'>serie</span> <span class='ocrx_word' id='word_1_337' title='bbox 614 4921 748 4983; x_wconf 81' lang='lat' dir='ltr'>firmiter</span> <span class='ocrx_word' id='word_1_338' title='bbox 786 4923 997 5005; x_wconf 89' lang='lat' dir='ltr'>precipientes</span> <span class='ocrx_word' id='word_1_339' title='bbox 1037 4923 1238 5001; x_wconf 86' lang='lat' dir='ltr'>mandamus,</span> <span class='ocrx_word' id='word_1_340' title='bbox 1275 4936 1431 5003; x_wconf 90' lang='lat' dir='ltr'>quatenus</span> 
     </span>
    </p>
   </div>
   <div class='ocr_carea' id='block_1_9' title="bbox 161 5024 1432 5159">
    <p class='ocr_par' dir='ltr' id='par_1_10' title="bbox 161 5024 1432 5159">
     <span class='ocr_line' id='line_1_40' title="bbox 161 5024 1432 5108; baseline 0.002 -22"><span class='ocrx_word' id='word_1_341' title='bbox 161 5027 279 5088; x_wconf 90' lang='lat' dir='ltr'>amodo</span> <span class='ocrx_word' id='word_1_342' title='bbox 311 5024 452 5108; x_wconf 88' lang='lat' dir='ltr'>prelatos</span> <span class='ocrx_word' id='word_1_343' title='bbox 476 5027 625 5106; x_wconf 89' lang='lat' dir='ltr'>iudicem,</span> <span class='ocrx_word' id='word_1_344' title='bbox 650 5029 744 5107; x_wconf 86' lang='lat' dir='ltr'>cives,</span> <span class='ocrx_word' id='word_1_345' title='bbox 769 5028 890 5090; x_wconf 86' lang='lat' dir='ltr'>incolas</span> <span class='ocrx_word' id='word_1_346' title='bbox 915 5042 945 5089; x_wconf 95' lang='lat' dir='ltr'>et</span> <span class='ocrx_word' id='word_1_347' title='bbox 968 5041 1159 5090; x_wconf 90' lang='lat' dir='ltr'>mercatores</span> <span class='ocrx_word' id='word_1_348' title='bbox 1190 5028 1272 5089; x_wconf 89' lang='lat' dir='ltr'>dicte</span> <span class='ocrx_word' id='word_1_349' title='bbox 1297 5029 1432 5090; x_wconf 88' lang='lat' dir='ltr'>civitatis</span> 
     </span>
     <span class='ocr_line' id='line_1_41' title="bbox 1314 5131 1327 5159; baseline 0 -5"><span class='ocrx_word' id='word_1_350' title='bbox 1314 5131 1327 5159; x_wconf 54' lang='grc' dir='ltr'><strong>η</strong></span> 
     </span>
    </p>
   </div>
   <div class='ocr_carea' id='block_1_10' title="bbox 0 0 1886 5806">
    <p class='ocr_par' dir='ltr' id='par_1_11' title="bbox 0 0 1886 5806">
     <span class='ocr_line' id='line_1_42' title="bbox 0 0 1886 5806; baseline 0 0"><span class='ocrx_word' id='word_1_351' title='bbox 0 0 1886 5806; x_wconf 95' lang='lat' dir='ltr'> </span> 
     </span>
    </p>
   </div>
  </div>
 </body>
</html>
