3752 5806
413 598 429 646 2
853 581 930 646 Doc.
951 602 980 650 2.
1005 619 1045 630 -
1070 585 1127 648 An.
1146 597 1235 661 1500.

414 692 1325 702 —ffl———ffl

411 829 442 878 et
465 815 596 876 cuilibet
619 827 758 876 vestrum
783 814 863 876 serie
887 814 1089 894 presencium
1113 812 1305 892 firmissime,
1332 825 1366 873 ut
1389 812 1508 874 amodo
1525 813 1564 874 de
1581 814 1678 874 rebus

411 935 442 983 et
465 922 558 983 bonis
581 921 827 1002 dignitatiorum
853 920 918 980 sive
943 919 1172 981 canonicorum
1189 918 1385 1000 simplicium
1402 918 1470 980 sine
1486 931 1678 980 testamento

412 1027 653 1106 decedencium,
676 1045 734 1088 vos
757 1025 849 1088 nullo
873 1039 966 1108 pacto
999 1025 1209 1087 intromittere
1234 1025 1387 1103 debeatis,
1410 1024 1466 1085 sed
1490 1024 1677 1086 huiusmodi

412 1134 591 1196 libertatem
623 1147 654 1194 et
681 1131 946 1194 consvetudinem
978 1145 1050 1193 ante
1082 1131 1140 1193 hec
1162 1143 1317 1214 tempora,
1341 1145 1376 1192 ut
1407 1129 1533 1210 dicitur,
1555 1129 1679 1193 illibate

412 1242 614 1302 observatam
643 1257 701 1321 pro
725 1239 845 1300 eisdem
875 1238 1054 1320 dignitariis
1078 1251 1109 1299 et
1133 1238 1362 1320 capitularibus
1385 1256 1511 1319 semper
1534 1250 1565 1298 et
1588 1237 1679 1299 omni

413 1361 557 1429 ternpore
580 1346 750 1406 observare
774 1356 805 1405 et
829 1345 990 1407 observari
1019 1345 1121 1406 eciam
1145 1343 1247 1405 facere
1273 1343 1415 1406 debeatis
1438 1355 1470 1404 et
1492 1344 1679 1406 teneamini.

415 1453 513 1514 Secus
536 1471 601 1512 non
626 1450 749 1512 facturi.
774 1451 978 1512 Presentibus
1006 1450 1163 1533 perlectis,
1188 1450 1349 1512 exhibenti
1374 1449 1535 1512 restitutis.
1560 1449 1680 1510 Datum

415 1558 504 1620 Bude
529 1556 606 1618 feria
623 1557 735 1638 quinta
751 1557 896 1638 proxima
913 1569 986 1618 ante
1003 1555 1120 1617 festum
1136 1557 1220 1617 beati
1238 1555 1399 1618 Valentini
1416 1555 1564 1617 martiris.
1580 1558 1679 1616 Auno

415 1663 539 1727 domini
564 1663 739 1724 millesimo
764 1663 1033 1744 quingentesimo,

522 1802 658 1869 originale
678 1803 703 1852 io
723 1803 821 1868 charta,
832 1803 858 1853 in
877 1802 995 1868 margine
1015 1802 1134 1853 inferiori
1154 1803 1311 1866 impressum
1331 1804 1373 1852 est
1391 1799 1557 1866 sigillantis
1576 1799 1675 1851 archiv.

415 1907 474 1946 ven.
495 1892 578 1955 Capit.
598 1892 704 1956 aagrab.
723 1890 779 1941 Act.
801 1890 864 1954 Cap.
884 1894 935 1941 ant.
956 1890 1020 1943 lass.
1040 1891 1081 1943 83.
1101 1905 1139 1944 nr.
1158 1891 1200 1940 46.

523 2362 599 2411 Anno
619 2358 696 2422 1500,
716 2357 740 2410 5.
759 2357 861 2422 aprilis.
880 2357 907 2408 ln
928 2357 1040 2408 castello
1060 2356 1250 2421 Glogovnicse.

418 2490 554 2550 Andreae
569 2483 716 2561 Alphonsi
740 2483 832 2560 Thus,
854 2484 1052 2558 zagrabiensis
1073 2491 1102 2541 et
1118 2483 1345 2557 glogovnicensis
1366 2483 1496 2540 ecclesiae
1511 2486 1682 2558 praepossis,

858 2590 1002 2664 dispositio
1023 2591 1245 2649 testamentum.

524 2734 558 2795 ln
583 2733 715 2795 nomine
739 2728 874 2790 domini.
891 2732 1007 2789 Amen.
1025 2733 1120 2789 Anno
1144 2727 1317 2789 nativitatis
1341 2727 1484 2790 eiusdem
1509 2728 1683 2790 millesimo

421 2838 690 2923 quingentesimo,
707 2834 886 2896 indiccione
911 2834 1018 2914 tercia,
1035 2833 1087 2895 die
1104 2853 1180 2896 vero
1197 2833 1284 2912 solis,
1301 2834 1412 2914 quinta
1429 2834 1548 2896 mensis
1564 2834 1683 2916 aprilis,

420 2947 498 3009 hora
540 2944 710 3007 terciarum
749 2940 800 3001 vel
840 2939 942 3020 quasi,
975 2940 1006 3001 in
1044 2938 1175 3000 castello
1208 2939 1408 3021 prepositure
1441 2937 1684 3020 Golgoczensis,

420 3052 623 3138 pontificatus
653 3061 760 3110 autem
791 3046 980 3107 sanctissimi
1012 3045 1043 3106 in
1077 3044 1204 3106 Christo
1232 3045 1330 3127 patris
1361 3057 1392 3105 et
1424 3043 1549 3106 domini
1573 3045 1683 3122 nostri,

421 3158 545 3222 domini
568 3153 753 3231 Alexandri,
778 3151 886 3213 divina
910 3150 1116 3232 providencia
1140 3170 1221 3232 pape
1245 3150 1334 3228 sexti,
1358 3169 1443 3211 anno
1476 3150 1624 3232 septimo.
1649 3150 1683 3210 ln

422 3266 486 3330 mei
509 3261 625 3324 notarii
648 3258 769 3342 publici
793 3257 972 3338 subscripti,
994 3257 1188 3338 testiumque
1212 3254 1486 3337 infrascriptorum
1509 3256 1684 3338 presencia,

423 3371 612 3434 constitutus
642 3364 851 3448 personaliter
875 3363 1066 3424 venerabilis
1097 3374 1128 3424 et
1151 3361 1340 3443 magnificus
1364 3361 1515 3423 dominus
1540 3361 1685 3422 Andreas

423 3461 577 3539 Alionsus'
596 3472 669 3532 Tuz
693 3471 733 3531 de
751 3471 828 3548 Lak,
845 3469 1059 3550 zagrabiensis
1083 3481 1115 3529 et
1136 3467 1359 3549 golgoczensis
1382 3467 1589 3528 ecclesiarum
1614 3486 1684 3549 pre-

423 3582 545 3665 positus
576 3590 634 3640 etc.
659 3576 732 3636 licet
763 3594 896 3656 corpore
927 3593 1012 3654 eger,
1036 3585 1143 3634 mente
1173 3585 1281 3635 tamen
1313 3593 1368 3655 per
1400 3573 1509 3634 omnia
1534 3591 1631 3633 sanus
1654 3585 1685 3634 et

424 3686 560 3750 racionis
584 3701 727 3763 compos,
751 3679 981 3741 commendans
1005 3699 1037 3740 se
1055 3679 1269 3760 omnipotenti
1286 3677 1347 3739 deo
1365 3691 1396 3739 et
1410 3677 1551 3759 gloriose
1569 3677 1685 3758 virgini

424 3795 536 3872 Maria,
558 3787 703 3873 genitrici
728 3786 883 3862 eiusdem,
906 3806 941 3846 ac
965 3785 1116 3846 omnibus
1143 3785 1269 3863 sanctis,
1294 3783 1495 3845 considerato
1521 3797 1552 3845 et
1576 3783 1685 3844 animo

422 3900 569 3963 revoluto
593 3895 689 3956 huius
711 3891 817 3954 labilis
840 3892 903 3952 vite
928 3891 1048 3952 incerto
1072 3904 1103 3951 et
1125 3889 1291 3971 inopinato
1315 3908 1419 3966 cursu,
1442 3887 1481 3950 de
1506 3888 1599 3949 bonis
1621 3887 1687 3948 suis

422 4003 654 4088 temporalibus
687 3998 748 4060 sibi
783 3997 937 4058 divinitus
972 3995 1105 4075 collatis,
1137 3995 1314 4056 deliberato
1349 3993 1459 4055 animo
1493 3993 1555 4054 tale
1592 4011 1685 4054 suum

424 4113 585 4187 ultimum,
609 4119 851 4184 extremumque
883 4116 914 4163 et
945 4102 1153 4164 irrevocabile
1177 4100 1321 4162 condidit
1344 4111 1582 4162 testamentum.
1607 4099 1685 4159 ltem

424 4218 540 4300 prim0,
567 4213 652 4294 regia
677 4210 826 4272 Maiestas
858 4209 1020 4289 obligatur
1052 4208 1111 4269 sibi
1136 4209 1275 4269 florenos
1299 4217 1461 4267 trecentos
1484 4205 1522 4265 de
1550 4203 1686 4286 pecunia

424 4345 441 4386 a
466 4320 603 4384 condam
635 4318 768 4378 domino
792 4315 1022 4398 wesprimiensi
1057 4329 1183 4396 recepta
1207 4327 1238 4376 et
1262 4313 1366 4375 eidem
1392 4311 1525 4373 domino
1550 4311 1686 4371 Allonso

424 4429 576 4510 obligata,
593 4445 630 4487 ex
654 4425 771 4504 quibus
788 4422 944 4483 Maiestati
969 4441 1025 4483 sue
1047 4421 1199 4482 relaxavit
1215 4419 1354 4481 florenos
1371 4431 1514 4492 centum;
1531 4415 1687 4477 ducentos

424 4549 531 4596 autem
565 4532 703 4592 florenos
735 4528 879 4590 eiusdem
911 4528 1045 4610 pecunie
1078 4527 1196 4608 legavit
1219 4545 1375 4606 generose
1400 4523 1530 4585 domine
1555 4521 1686 4603 Sophie,

424 4639 525 4702 sorori
558 4637 677 4697 scilicet
708 4655 764 4696 sue
797 4635 930 4695 uterine.
956 4633 1032 4694 ltem
1065 4633 1170 4694 eidem
1201 4631 1319 4713 legavit
1342 4630 1474 4692 totalem
1500 4628 1686 4710 porcionem

424 4765 514 4808 suarn
539 4743 631 4805 castri
655 4741 758 4802 Peech
790 4740 875 4819 dicti,
902 4740 934 4801 in
968 4738 1125 4800 Kladussa
1157 4737 1267 4816 habiti,
1297 4756 1368 4798 curn
1393 4733 1599 4818 pertinenciis
1623 4731 1687 4793 suis

424 4851 590 4929 universis,
608 4868 664 4930 per
681 4848 816 4910 eandem
834 4847 999 4908 dominam
1017 4843 1182 4926 Sophiam,
1200 4843 1398 4924 heredesque
1414 4861 1489 4902 suos
1505 4839 1602 4922 pleno
1620 4837 1687 4920 jure

424 4955 662 5041 possidendam.
680 4955 756 5016 Item
782 4953 886 5015 eidem
911 4953 1029 5034 legavit
1054 4953 1194 5032 kuppam
1217 4939 1314 5011 unam
1332 4950 1486 5010 maiorem
1504 4957 1687 5026 argenteam

424 5065 619 5126 deauratam.
636 5061 714 5121 ltem
738 5060 1004 5122 reverendissimo
1029 5058 1162 5118 domino
1188 5057 1339 5139 episcopo
1356 5051 1554 5135 zagrabiensi
1571 5050 1688 5131 legavit
