3732 5802
597 551 671 610 Doc.
695 561 750 624 90.
779 583 821 594 -
837 551 903 642 Aoo.
931 561 1013 624 1511.

771 881 837 946 90.

277 1053 354 1105 Anno
377 1053 451 1118 1511,
471 1054 494 1106 2.
511 1054 588 1120 junii.
608 1053 704 1108 Budas.

180 1231 357 1302 Vlodisloos,
376 1233 555 1306 Hongorioc
579 1241 628 1291 etc.
651 1253 714 1309 rex,
732 1235 891 1294 Francisco
915 1236 948 1293 de
967 1236 1092 1295 Morolo
1110 1240 1319 1311 protonotario,
1333 1240 1442 1315 jodici-

171 1346 276 1420 bosque
298 1348 436 1405 nobilium
451 1350 601 1406 comitatus
619 1349 817 1423 zograbiensis
832 1351 985 1426 praecipit,
1008 1359 1044 1408 ut
1063 1353 1170 1412 iterum
1191 1353 1225 1411 de
1239 1355 1361 1427 capituli
1367 1355 1441 1430 soro

589 1472 737 1538 quoerant
757 1465 865 1539 sibique
887 1466 1026 1541 reserant.

277 1635 479 1698 Wladislaus
502 1636 554 1698 dei
577 1638 682 1720 gracia
707 1658 761 1699 rex
785 1637 951 1721 Hungarie
971 1653 1001 1701 et
1023 1639 1178 1702 Bohemie
1202 1653 1260 1703 etc.
1277 1639 1443 1702 Fidelibus

170 1742 289 1804 nostris
315 1743 444 1824 egregio
469 1743 621 1824 magistro
645 1743 815 1806 Francisco
843 1745 884 1807 de
909 1745 1060 1808 Marocha
1083 1747 1260 1829 personalis
1279 1746 1442 1829 presencie

170 1861 279 1910 nostre
305 1860 337 1908 et
359 1847 447 1928 regni
472 1848 571 1910 nostri
596 1847 750 1911 Slauonie
776 1850 1020 1932 prothonotario
1042 1872 1078 1913 ac
1099 1849 1258 1932 judicibus
1282 1851 1442 1914 nobilium

170 1954 345 2015 comitatus
365 1953 579 2035 zagrabiensis
595 1955 731 2017 salutem
750 1968 780 2016 et
795 1957 947 2038 graciam.
965 1957 1145 2039 Exponitur
1160 1957 1318 2020 Maiestati
1335 1971 1442 2020 nostre

171 2059 202 2119 in
225 2060 375 2141 personis
394 2058 539 2121 fidelium
556 2073 741 2124 nostrorum
758 2059 1000 2124 honorabilium
1019 2063 1149 2146 capituli
1166 2075 1197 2125 et
1213 2063 1443 2126 canonicorum

170 2165 308 2227 ecclesie
340 2165 564 2246 zagrabiensis,
597 2165 686 2247 quod
720 2167 867 2248 quamvis
899 2167 960 2230 hiis
993 2169 1212 2250 superioribus
1244 2169 1445 2240 diebusnos

170 2290 226 2352 per
259 2270 341 2332 alias
371 2270 492 2332 litteras
525 2284 649 2333 nostras
680 2273 894 2354 preceptorias
917 2274 1010 2336 vobis
1032 2275 1299 2354 commiserimus,
1324 2288 1359 2336 ut
1387 2293 1444 2336 vos

170 2377 254 2439 inter
278 2375 421 2459 prelatos
446 2389 643 2459 exponentes
663 2379 703 2439 ab
724 2397 787 2440 una
805 2399 841 2440 ac
859 2379 1105 2462 circumspectos
1121 2378 1260 2460 judicem
1278 2393 1308 2442 et
1324 2380 1443 2462 juratos

169 2483 257 2544 cives
294 2483 430 2544 civitatis
461 2495 568 2545 nostre
604 2484 725 2546 montis
758 2483 928 2547 Grecensis
962 2485 1105 2568 partibus
1137 2487 1177 2547 ab
1209 2485 1281 2565 alia,
1314 2487 1442 2548 racione

169 2589 343 2650 cuiusdam
375 2587 435 2651 lori
469 2589 561 2650 liberi
594 2589 626 2651 in
660 2589 783 2652 theatro
808 2591 883 2653 dicti
909 2591 1039 2673 capituli
1067 2591 1219 2653 celebrari
1243 2591 1341 2670 soliti,
1365 2591 1443 2653 alio·

169 2715 311 2777 rumque
334 2695 557 2756 universorum
580 2695 807 2778 dampnorum,
824 2709 1105 2776 nocumentorum,
1121 2696 1442 2778 differenciarumque

170 2815 200 2862 et
232 2801 536 2862 controversionum
568 2801 650 2862 inter
679 2801 807 2863 easdem
841 2815 945 2884 partes
978 2815 1093 2864 extunc
1118 2815 1203 2864 ortas
1225 2815 1257 2864 et
1279 2803 1444 2865 suscitatas

170 2927 187 2968 1
219 2906 391 2969 nobilibus
421 2905 497 2968 dicti
530 2907 699 2970 comitatus
731 2909 946 2990 zagrebiensis
975 2907 1117 2970 debitam
1141 2909 1388 2989 inquisicionem
1413 2921 1444 2970 et

169 3013 368 3076 revisionem
400 3012 502 3074 facere
536 3013 744 3090 debuissetis;
775 3027 883 3076 tamen
915 3034 982 3094 vos,
1007 3027 1042 3075 ut
1065 3013 1257 3096 accepimus,
1280 3027 1349 3075 tum
1373 3013 1444 3076 aliis

170 3119 291 3181 nostris
320 3119 514 3201 specialibus
542 3119 684 3201 negociis
708 3121 923 3202 preoccupati,
947 3133 1016 3182 tum
1040 3139 1116 3182 vero
1140 3133 1270 3202 propter
1293 3121 1443 3182 seviciem

169 3225 372 3308 pestilencie,
395 3245 457 3307 que
482 3239 640 3308 protunc
664 3226 697 3287 in
722 3226 785 3288 illis
809 3227 952 3308 partibus
976 3225 1072 3288 luisse
1092 3226 1218 3306 dicitur,
1236 3227 1317 3309 ipsas
1338 3227 1442 3308 inqui-

169 3332 330 3393 sicionem
354 3345 385 3393 et
405 3332 598 3394 revisionem
622 3332 756 3394 minime
780 3331 883 3395 facere
908 3345 939 3394 et
963 3332 1076 3413 exequi
1100 3332 1293 3415 potuissetis.
1315 3333 1443 3416 Suppli-

170 3453 282 3500 catum
314 3438 421 3520 itaque
449 3438 557 3500 denuo
581 3439 683 3500 extitit
708 3451 815 3501 nostre
840 3439 998 3500 Maiestati
1023 3439 1055 3498 in
1079 3438 1224 3520 personis
1247 3437 1443 3521 prefatorum

170 3544 422 3626 exponencium,
443 3557 477 3606 ut
500 3557 656 3626 pretactas
676 3544 795 3606 litteras
812 3556 935 3606 nostras
951 3544 1166 3626 preceptorias
1182 3563 1239 3626 per
1255 3564 1312 3606 vos
1328 3545 1441 3626 exequi

170 3663 203 3712 et
229 3648 357 3710 effectui
381 3650 556 3732 mancipari
580 3648 683 3713 lacere
708 3649 907 3712 deberemus.
933 3649 1219 3724 Quemadmodum
1247 3651 1343 3731 igitur
1366 3650 1444 3712 alias

171 3755 387 3817 fidelitatibus
408 3756 520 3817 vestris
543 3756 811 3818 mandaveramus
835 3757 877 3818 ita
899 3769 930 3818 et
947 3775 1033 3818 nunc
1050 3775 1181 3836 quoque
1198 3754 1305 3816 denuo
1322 3755 1443 3817 eisdem

171 3861 358 3923 firmissime
383 3862 613 3924 committimus
637 3875 668 3924 et
688 3862 892 3940 mandamus,
910 3875 1068 3943 quatenus
1088 3861 1224 3944 acceptis
1243 3861 1444 3943 presentibus

171 3968 205 4029 in
240 3987 307 4028 uno
340 3980 426 4029 certo
458 3981 489 4029 et
520 3968 609 4030 brevi
641 3969 789 4050 termino,
814 3969 957 4050 partibus
986 3968 1062 4050 ipsis
1085 3986 1142 4050 per
1165 3985 1223 4028 vos
1245 3967 1443 4049 prefigendo,

170 4072 364 4156 prescriptae
395 4073 643 4154 inquisicionem
668 4087 699 4136 et
724 4075 917 4137 revisionem
941 4087 1006 4135 tam
1031 4093 1047 4134 a
1072 4073 1203 4155 pretacti
1229 4073 1444 4154 zagrabiensis

171 4198 274 4260 quam
309 4178 411 4240 eciam
447 4180 605 4242 crisiensis
642 4193 673 4242 et
707 4179 931 4242 warasdiensis
966 4179 1177 4240 comitatuum
1213 4178 1378 4240 nobilibus
1408 4198 1444 4240 ac

171 4285 307 4346 alterius
330 4284 469 4346 cuiusvis
492 4297 591 4347 status
619 4297 650 4347 et
681 4285 879 4348 condicionis
908 4285 1093 4346 hominibus
1117 4285 1202 4346 iuxta
1226 4284 1444 4346 continencias

173 4403 207 4453 et
223 4403 371 4451 tenorem
387 4403 598 4472 pretactarum
616 4392 760 4473 priorum
777 4392 953 4454 litterarum
968 4403 1148 4452 nostrarum
1160 4389 1445 4472 preceptoriarum,

172 4516 241 4558 non
264 4497 465 4558 obstantibus
489 4497 656 4578 quibusvis
681 4497 752 4559 aliis
775 4497 888 4560 litteris
911 4497 1027 4558 nostris
1050 4495 1164 4556 harum
1189 4495 1221 4556 in
1247 4497 1442 4557 contrarium

173 4601 259 4664 datis
290 4601 342 4662 vel
374 4601 498 4682 dandis,
530 4603 621 4682 scire,
652 4600 756 4665 facere
786 4615 816 4665 et
847 4623 999 4686 peragere
1031 4602 1098 4663 sine
1128 4601 1287 4663 dilacione
1311 4601 1443 4684 aliquali

174 4706 338 4782 debeatis;
363 4721 394 4769 et
424 4708 554 4770 tandem
584 4720 685 4770 totam
712 4710 827 4770 seriem
852 4707 1037 4770 huiusmodi
1061 4720 1163 4768 vestre
1186 4708 1388 4769 execucionis
1412 4708 1444 4769 in

175 4813 289 4874 litteris
321 4814 381 4874 sub
416 4813 524 4894 sigillo
556 4813 715 4876 dictorum
748 4813 891 4896 judicum
925 4814 1084 4875 nobilium
1116 4813 1247 4895 preteeti
1276 4813 1444 4874 comitatus

175 4919 394 4999 zagrabiensis
419 4931 525 4981 nostre
550 4919 707 4981 Maiestati
728 4919 865 4982 fideliter
885 4919 1014 4980 rescribi
1031 4919 1181 4980 volumus
1196 4931 1228 4981 et
1244 4918 1444 4982 mandamus.

178 5025 277 5087 Secus
301 5045 368 5086 non
393 5023 516 5088 facturi.
541 5025 745 5088 Presentibus
768 5027 924 5108 perlectis,
954 5025 1115 5088 exhibenti
1140 5025 1300 5087 restitutis.
1325 5025 1444 5086 Datum

1319 5152 1336 5214 7
