3900 5804
665 578 783 638 Statuto
809 563 1098 641 Praebertdoeionim.

356 812 405 868 De
427 811 557 868 electione
578 811 653 869 noni
672 810 782 883 decani,
806 817 836 867 et
855 807 976 868 lectione
998 816 1180 869 statutorum.

357 941 435 1004 Item
459 940 617 1023 imprimis
641 953 671 1001 et
695 953 768 1002 ante
803 940 913 1001 omnia
945 939 1114 1001 statuimus
1145 953 1176 1000 et
1211 940 1421 1020 decrevimus,
1448 961 1513 1022 quo

252 1047 387 1129 singulis
409 1047 501 1108 annis
525 1046 647 1107 cunctis
670 1043 785 1107 futuris
807 1045 1007 1128 temporibus
1030 1045 1062 1106 in
1086 1045 1196 1126 vigilia
1228 1045 1326 1107 sancti
1351 1046 1516 1108 Laurentii

252 1154 401 1231 martiris,
425 1153 564 1214 universi
589 1152 714 1213 domini
746 1150 856 1213 fratres
890 1151 988 1213 nostri
1015 1149 1054 1212 ad
1086 1150 1273 1212 mandatum
1306 1151 1430 1213 domini
1462 1153 1515 1214 de-

252 1259 322 1322 cani
346 1259 421 1320 anni
446 1259 532 1320 illius
556 1272 587 1320 et
610 1278 666 1339 per
690 1277 890 1339 consequens
913 1257 978 1340 (ad)
1002 1277 1118 1318 sonum
1143 1277 1297 1339 campane
1319 1271 1435 1338 nostre,
1452 1279 1515 1340 qua

252 1365 284 1427 in
308 1365 425 1450 talibus
451 1365 496 1426 uti
521 1365 606 1426 soliti
623 1384 743 1443 sumus,
761 1364 793 1424 in
811 1365 976 1426 ecclesiam
995 1383 1049 1424 seu
1072 1364 1229 1445 capellam
1246 1365 1344 1425 sancti
1363 1363 1515 1448 Stephani

252 1471 518 1554 prothomartiris,
542 1471 582 1532 ad
607 1470 690 1532 latus
706 1471 790 1532 dicte
807 1470 997 1532 cathedralis
1014 1469 1146 1530 ecclesie
1164 1469 1230 1531 divi
1249 1470 1403 1552 Stephani
1421 1471 1514 1552 regis,

251 1577 475 1658 zagrabiensis,
500 1589 689 1654 constructe,
715 1577 769 1638 ubi
794 1591 901 1638 nostra
925 1575 1067 1637 solemus
1098 1587 1230 1638 tractare
1263 1577 1402 1658 negotia,
1438 1597 1513 1638 con·

253 1685 372 1762 venire,
394 1703 452 1745 nec
476 1703 508 1744 se
533 1682 745 1764 aliquomodo
767 1683 934 1744 absentare
959 1682 1107 1760 debeant,
1132 1681 1191 1742 nisi
1217 1682 1297 1743 iuste
1325 1695 1515 1758 teneantur;

253 1791 396 1872 inibique
421 1790 546 1852 senium
582 1790 695 1852 ordine
719 1809 778 1851 suo
802 1789 1009 1852 consedendo
1034 1789 1214 1867 observent,
1238 1788 1371 1850 silencio
1400 1787 1515 1849 deinde

253 1895 362 1958 debito
386 1896 565 1978 prehabit0,
590 1896 629 1957 ad
653 1895 841 1957 mandatum
866 1895 989 1957 domini
1020 1894 1143 1971 decani,
1167 1913 1223 1975 per
1255 1893 1348 1956 illurn
1372 1894 1422 1955 cui
1449 1895 1515 1976 ipse

252 1992 386 2082 iusserit,
410 2003 499 2064 lectis
523 2003 646 2064 statutis
670 2017 701 2063 et
724 2003 1006 2064 constitutionibus
1029 2000 1144 2062 nostris
1177 1998 1384 2083 infrascriptis
1415 2001 1447 2062 in
1471 1999 1515 2062 ef-

242 2105 381 2190 ¹fectum,
405 2128 471 2190 quo
506 2109 728 2189 unusquisque
764 2106 896 2169 fratrum
925 2108 1003 2169 sciat
1037 2127 1095 2168 suo
1131 2107 1311 2189 promptius
1347 2107 1514 2188 invigilare

252 2212 359 2275 officio
395 2235 431 2276 ac
455 2229 617 2296 presentes
641 2229 764 2276 nostras
788 2215 1007 2277 ordinationes
1034 2213 1159 2274 studeat
1191 2213 1309 2274 recenti
1341 2227 1448 2275 tenere
1483 2213 1514 2274 in

252 2321 408 2383 memoria
433 2321 559 2382 stillas
591 2321 744 2382 inviolate
772 2335 868 2402 atque
893 2322 1080 2382 inconcusse
1115 2319 1296 2396 observare,
1329 2337 1369 2380 ne
1404 2330 1514 2401 postea

252 2428 411 2510 quispiam
436 2425 569 2489 fratrum
593 2447 626 2489 se
651 2447 703 2488 eas
726 2428 889 2510 ignorasse
912 2429 1017 2490 valeat
1040 2427 1178 2507 allegare
1203 2439 1234 2486 et
1257 2444 1447 2507 proponere.

358 2625 407 2682 De
428 2625 619 2697 resignatione
641 2624 804 2682 decanatus.

357 2737 434 2798 ltem
470 2736 631 2815 volumus,
655 2756 719 2818 quo
751 2737 857 2798 statim
892 2735 968 2817 ipsis
992 2735 1116 2797 statutis
1140 2755 1178 2796 ex
1212 2734 1326 2796 ordine
1356 2733 1513 2816 perlectis,

253 2842 404 2903 dominus
439 2843 578 2904 decanus
613 2843 766 2925 temporis
797 2842 884 2903 illius
920 2843 1040 2923 absque
1071 2842 1160 2902 omni
1195 2841 1405 2920 recusatione,
1441 2859 1514 2901 cum

253 2949 359 3010 debita
383 2949 560 3010 reverentia
585 2949 617 3010 in
642 2949 751 3010 medio
783 2947 917 3010 fratrum
941 2947 1125 3028 exurgendo
1156 2947 1313 3029 imprimis
1346 2946 1422 3029 ipsis
1453 2945 1514 3006 fra-

251 3055 351 3116 tribus
374 3055 490 3135 gratias
513 3069 586 3136 agat
609 3055 647 3115 de
672 3054 795 3117 honore
822 3054 877 3115 tali
901 3054 960 3114 sibi
983 3054 1124 3115 exhibito
1142 3067 1172 3115 et
1189 3053 1383 3131 concredito,
1400 3053 1511 3133 sicque

252 3160 437 3221 huiusmodi
461 3159 604 3222 officium
629 3161 801 3222 decanatus
825 3180 881 3242 per
912 3160 1148 3242 depositionem
1181 3159 1278 3241 sigilli
1312 3172 1343 3219 et
1375 3159 1514 3219 clavium

253 3266 381 3348 collegii
406 3267 516 3346 nostri,
540 3266 700 3346 resignare
725 3281 756 3328 et
779 3266 941 3348 deponere
964 3279 1119 3328 teneatur.
1137 3265 1212 3338 Quo
1234 3263 1317 3326 facto
1342 3283 1380 3326 ex
1404 3263 1514 3325 lauda-

252 3373 310 3434 bili
333 3372 564 3434 consvetudine
587 3373 674 3454 prius
708 3371 817 3432 habita
852 3371 1109 3448 interlocutione,
1145 3391 1182 3432 ex
1218 3371 1308 3432 senio
1347 3369 1513 3450 usquead

254 3480 403 3542 ultimum
427 3480 494 3562 pari
519 3492 549 3540 et
573 3479 717 3539 unanimi
743 3477 985 3556 deliberatione,
1010 3497 1111 3538 unum
1135 3497 1172 3538 ex
1208 3477 1301 3538 nobis
1326 3495 1514 3558 quemcum-

253 3605 316 3666 que
340 3585 381 3646 ad
405 3585 437 3646 id
462 3583 608 3646 officium
631 3585 887 3666 supportandum
912 3583 1087 3660 viderimus
1119 3581 1330 3656 sufficientem
1355 3596 1386 3644 et
1413 3581 1514 3662 magis

253 3692 417 3771 idoneum,
441 3705 536 3773 atque
562 3709 658 3772 quem
683 3691 785 3752 maior
813 3711 884 3773 pars
909 3690 1116 3752 dominorum
1148 3688 1281 3751 fratrum
1312 3688 1450 3750 voluerit
1484 3700 1515 3749 et

253 3818 349 3880 quem
374 3797 466 3879 plura
491 3811 564 3858 vota
588 3797 810 3879 percusserint,
835 3796 992 3877 eligemus
1025 3809 1055 3856 et
1078 3793 1280 3876 preficiemus
1304 3795 1336 3856 in
1368 3806 1514 3855 nostrum

252 3903 395 3966 futurum
420 3903 588 3966 decanum.
1006 3919 1007 3922 ’
1383 3909 1386 3916 “

359 4102 408 4158 De
430 4101 653 4160 interlocutione.

358 4213 516 4275 Volumus
540 4213 653 4293 eciam,
678 4227 713 4274 ut
744 4212 852 4273 nullus
888 4211 1020 4272 fratrum
1054 4211 1217 4272 iuniorum
1249 4211 1346 4271 verba
1381 4208 1516 4269 senioris

252 4321 357 4382 fratris
378 4320 430 4382 vel
454 4340 470 4380 e
496 4339 651 4380 converso
677 4319 907 4399 interrumpere
924 4331 954 4379 et
972 4317 1160 4399 intercipere
1184 4316 1310 4395 audeat,
1327 4314 1383 4375 sed
1401 4313 1515 4375 ordine

252 4428 362 4489 debito
387 4440 417 4488 et
440 4439 585 4507 tempore
620 4427 789 4486 observato
814 4424 955 4485 debitam
981 4424 1028 4484 illi
1062 4423 1272 4486 reverentiam
1305 4435 1336 4482 et
1359 4419 1515 4482 honorem

252 4532 402 4594 exhibere
426 4544 457 4593 et
479 4543 618 4614 prestare
643 4531 757 4592 debeat
781 4543 812 4592 et
834 4543 989 4608 teneatur,
1007 4531 1066 4591 sub
1084 4549 1166 4611 pena
1183 4548 1240 4610 pro
1258 4527 1388 4589 arbitrio
1406 4539 1515 4588 nostro

252 4639 312 4700 sibi
336 4637 521 4719 infligenda.

362 4835 451 4910 Quod
469 4835 569 4892 nullus
590 4835 745 4892 decanatus
766 4831 895 4909 officium
918 4840 1108 4905 ossumpmere
1137 4837 1253 4892 recuset.

358 4949 533 5011 Statuimus
557 4947 696 5030 insuper,
721 4945 808 5027 quod
840 4945 865 5006 si
899 4945 953 5026 qui
986 4943 1192 5005 dominorum
1223 4940 1354 5003 fratrum
1385 4941 1514 5017 electus,

252 5055 440 5117 huiusmodi
464 5052 606 5116 officium
631 5053 803 5114 decanatus
828 5070 1042 5133 assumpmere
1071 5049 1210 5110 noluerit
1234 5068 1289 5109 seu
1313 5047 1515 5125 recusaverit,
