3732 5802
613 568 688 627 Doc.
704 579 753 644 77.
781 600 818 612 —
845 569 1004 644 An.1510.
1395 566 1433 648 83

166 791 428 854 archidiaconum
468 793 713 873 varasdiensem,
745 792 874 856 fratrem
913 807 943 856 et
982 796 1238 858 concanonicum
1277 809 1431 874 vestrum,

167 899 335 960 occasione
359 900 476 960 domus
499 919 555 961 sue
577 901 667 981 gravi
691 900 869 963 admodum
889 913 1019 983 sumptu
1041 915 1072 962 et
1097 902 1206 964 labore
1226 915 1377 980 extruere,
1394 902 1436 962 ob

169 1003 312 1066 favorem
347 1005 442 1066 unius
474 1006 687 1087 prebendarii,
714 1007 823 1069 locum
854 1007 1049 1070 habitacioni
1083 1027 1138 1070 sue
1172 1027 1238 1069 non
1270 1007 1437 1088 vulgarem

165 1109 313 1172 habentis
345 1111 444 1172 ordiri
477 1126 508 1174 et
539 1111 702 1192 inchoare,
726 1114 891 1196 cupientes
922 1113 1002 1176 forte
1035 1114 1127 1176 illum
1151 1133 1282 1196 quoque
1306 1112 1437 1174 sedibus

167 1217 307 1296 incertis,
333 1231 367 1279 ut
403 1229 524 1279 ceteros
556 1219 674 1299 vagari.
699 1217 804 1298 Certe,
828 1221 854 1282 si
886 1239 951 1281 non
975 1219 1074 1298 aliud,
1099 1219 1160 1282 hoc
1184 1220 1296 1282 saltem
1318 1239 1375 1280 vos
1399 1220 1438 1280 ab

166 1323 355 1386 huiusmodi
385 1323 489 1385 litium
513 1326 721 1408 perplexitate
738 1326 797 1388 sibi
816 1326 982 1389 excitanda
1000 1327 1150 1388 cohibere
1167 1326 1314 1404 debebat,
1331 1344 1439 1386 senec-

167 1443 268 1490 tutem
295 1430 396 1512 ipsius
420 1431 482 1492 iam
509 1431 791 1513 ingravescentem,
813 1432 911 1514 longo
936 1433 1154 1514 egritudinum
1180 1432 1308 1514 agmine
1333 1431 1437 1493 omni-

168 1535 315 1618 phariam
351 1535 533 1619 depressam
569 1557 604 1600 ac
638 1538 678 1599 ad
712 1539 862 1620 capulum
896 1538 961 1600 fere
995 1539 1106 1601 mortis
1138 1551 1304 1616 retrusam,
1333 1549 1436 1619 turpe,

168 1641 308 1724 impium
334 1657 365 1702 er
389 1643 521 1724 plenum
547 1643 743 1706 crudelitatis
767 1663 846 1722 esse,
870 1645 1018 1728 persequi
1042 1657 1137 1726 atque
1162 1645 1201 1706 ab
1224 1643 1338 1706 edibus
1361 1643 1436 1722 auis,

164 1767 305 1828 quarum
336 1748 453 1814 virium
485 1763 516 1810 et
546 1749 608 1810 vite
640 1748 767 1812 defectu
799 1749 851 1812 vix
874 1750 986 1812 limina
1010 1750 1186 1831 transgredi
1217 1761 1331 1832 potest,
1355 1769 1429 1810 seve

170 1867 201 1915 et
224 1855 523 1916 immisericorditer
557 1855 681 1918 excludi
716 1869 812 1938 atque
836 1857 965 1940 repelli;
990 1857 1124 1940 proinde
1150 1876 1251 1938 quum
1275 1875 1334 1918 nos
1357 1855 1440 1936 iugis

166 1974 196 2021 et
219 1959 350 2022 assidua
386 1961 484 2022 animi
514 1975 621 2024 teneat
644 1963 839 2042 sollicitudo,
865 1963 927 2024 illis
951 1983 1081 2044 quoque
1106 1963 1279 2042 canonicis,
1302 1962 1356 2043 qui
1381 1962 1441 2022 sub

166 2067 257 2128 rectis
279 2066 394 2128 alienis
412 2067 529 2149 passim
546 2067 699 2131 hactenus
716 2069 821 2150 vagati
839 2081 922 2142 sunt,
939 2068 979 2130 de
996 2069 1157 2146 domibus,
1175 2081 1209 2130 ut
1226 2066 1440 2146 commodius,

166 2173 380 2254 quieciusque
415 2186 445 2234 et
480 2187 587 2236 mente
622 2175 846 2256 tranquilliore
883 2175 1015 2237 ecclesie
1049 2188 1155 2237 nostre
1193 2173 1310 2236 servire
1343 2185 1439 2254 atque

167 2277 319 2340 famulari
351 2279 484 2360 possint,
517 2299 627 2362 ocyus,
659 2295 694 2342 ut
726 2279 792 2342 fieri
826 2293 940 2364 potest,
965 2280 1081 2344 idonee
1112 2279 1293 2362 providere,
1318 2278 1438 2340 nedum

167 2405 232 2464 eos,
258 2386 315 2466 qui
349 2384 484 2447 domum
517 2387 578 2448 sibi
611 2407 647 2448 ex
679 2388 858 2450 annuencia
881 2387 1143 2470 predecessorum
1167 2399 1350 2449 nostrorum
1374 2403 1439 2446 non

169 2491 328 2552 mediocri
349 2491 516 2574 impendio
538 2491 765 2555 exedificarunt
789 2493 844 2555 illa
871 2493 938 2575 ipsa
960 2493 1083 2576 privare
1105 2505 1136 2554 et
1151 2491 1289 2575 spoliare
1306 2491 1441 2552 velletis.

171 2597 384 2680 Requirimus
421 2618 478 2660 vos
517 2611 547 2660 et
585 2599 735 2661 seriosius
766 2599 1011 2678 committimus,
1044 2619 1084 2660 ne
1119 2597 1239 2660 dictum
1272 2597 1440 2659 dominum

169 2703 352 2764 lohannem
389 2703 649 2766 archidiaconum
690 2705 928 2767 varasdiensem
967 2717 1112 2787 pretextu
1150 2703 1345 2786 (senectu)tis
1382 2722 1438 2764 sue

168 2809 312 2890 predicte
336 2809 548 2890 aliquetenus,
566 2811 740 2892 quominus
764 2830 847 2890 eam,
864 2823 898 2872 ut
923 2810 1087 2890 hactenus,
1104 2811 1146 2871 ita
1171 2809 1211 2870 de
1228 2823 1333 2871 cetero
1349 2828 1438 2892 pace,

169 2915 276 2995 quiete
310 2927 341 2976 et
372 2915 545 2997 tranquille
574 2916 736 2998 possideat
770 2917 986 2979 interturbetis
1019 2931 1049 2978 et
1079 2937 1134 2998 per
1162 2916 1243 2978 alios
1268 2913 1439 2997 quospiam

170 3021 366 3103 interpellari
391 3020 522 3102 faciatis,
547 3043 648 3104 quum
674 3023 820 3105 alioquin
845 3023 899 3085 ille
924 3023 995 3104 lege
1020 3023 1128 3084 divina
1153 3021 1311 3084 fovendus
1334 3021 1441 3103 potius

170 3141 200 3189 et
223 3127 421 3209 quietandus
452 3128 484 3189 in
509 3130 647 3210 presenti
672 3129 889 3210 egritudinum
914 3149 1043 3191 suarum
1072 3129 1262 3208 calamitate,
1286 3147 1383 3210 quam
1408 3127 1440 3187 in

171 3234 283 3316 aliquo
302 3233 523 3296 molestandus
540 3255 606 3298 esse
623 3249 797 3298 censeatur.
811 3235 943 3298 Accedit
960 3235 1072 3313 adhoc,
1087 3234 1175 3316 quod
1188 3235 1277 3317 longi
1289 3233 1443 3316 temporis

171 3387 177 3401 .
202 3387 210 3402 .
237 3340 439 3421 .tranquilla
462 3361 519 3423 per
542 3342 648 3424 ipsum
672 3343 841 3404 dominum
866 3341 1127 3404 archidiaconum
1149 3353 1179 3402 et
1200 3339 1440 3423 predecessores

170 3465 247 3508 auos
261 3445 444 3527 plerosque,
458 3446 540 3508 dicte
555 3447 671 3510 domus
683 3449 852 3532 possessi0,
865 3448 1019 3529 nullaque
1037 3447 1112 3510 novi
1124 3448 1229 3529 operis
1242 3445 1441 3508 edificiorum

173 3553 205 3614 in
231 3553 307 3614 loco
331 3551 388 3613 illo
412 3573 468 3636 per
492 3553 632 3616 eundem
656 3569 872 3618 extructurum
897 3555 1151 3632 demerioriacio,
1166 3553 1278 3616 titulus
1302 3553 1442 3634 denique

169 3657 418 3740 permutationis
450 3681 545 3742 super
578 3661 715 3724 hiisdem
746 3662 896 3724 domibus
928 3662 1027 3724 literis
1060 3661 1191 3742 capituli
1225 3657 1441 3738 confirmatus,

170 3783 236 3826 non
268 3783 383 3846 parum
414 3764 536 3846 juribus
568 3781 598 3829 et
630 3767 753 3830 iusticie
785 3767 941 3845 eiusdem,
975 3779 1008 3828 ut
1039 3767 1133 3828 nobis
1166 3764 1309 3844 refertur,
1334 3763 1440 3824 favere

171 3871 334 3949 videntur,
359 3891 464 3952 neque
488 3871 578 3934 litere
604 3920 611 3935 .
637 3920 644 3935 .
669 3920 676 3936 .
702 3921 709 3935 .
735 3875 852 3956 quibus
876 3873 1010 3935 domum
1027 3873 1129 3956 ipsam
1145 3891 1204 3954 pro
1221 3891 1254 3933 se
1272 3870 1441 3932 vendicare

170 3976 299 4059 satagit,
322 3977 347 4037 si
373 3991 455 4040 recte
479 3979 711 4062 perspiciantur
735 3979 840 4040 eidem
860 3979 1048 4040 inconcusse
1064 3977 1229 4058 suffragari
1248 3974 1440 4058 (videantur)

171 4099 335 4164 utrunque
359 4097 466 4146 tamen
490 4085 540 4164 sit,
563 4085 682 4148 interea
707 4085 786 4147 dum
811 4132 818 4146 .
844 4132 852 4148 .
877 4131 884 4146 .
910 4083 990 4146 hanc
1014 4083 1242 4166 pensitulacius
1268 4127 1436 4144 ......

171 4188 391 4273 oportunitate
426 4191 612 4271 poterimuS,
645 4191 796 4252 volumus
831 4204 865 4252 ut
898 4190 982 4252 idem
1016 4190 1167 4251 dominus
1199 4187 1442 4250 archidiaconus

173 4339 350 4357 ......
389 4315 467 4377 pace
492 4309 522 4358 et
546 4297 718 4378 tranquille
743 4309 939 4379 permaneat.
966 4297 1011 4356 Ex
1036 4315 1106 4356 arce
1131 4307 1237 4356 nostra
1263 4293 1441 4354 chasmensi

171 4401 203 4462 in
229 4400 353 4482 (vigilia
389 4415 571 4464 sanctorum
607 4403 690 4466 Petri
729 4416 760 4464 et
795 4401 898 4484 Pauli)
923 4401 1154 4484 apostolorum.
1189 4403 1284 4460 Anno
1317 4398 1441 4460 domini

172 4506 348 4569 millesimo
372 4508 631 4591 quingentesimo
655 4508 792 4571 decimo.

280 4648 384 4710 Lucas
407 4650 576 4732 episcopus

324 4735 456 4801 ecclesie
480 4738 705 4820 zagrabienais.

282 4928 421 4996 Originale
447 4929 472 4981 ln
498 4931 597 4990 charta,
623 4943 715 4995 parum
744 4929 870 4982 attritum.
895 4929 922 4981 ln
945 4928 1041 4980 archiv.
1066 4943 1124 4982 ven.
1146 4927 1231 4992 Capit.
1252 4929 1360 4992 zagrab.
1380 4926 1432 4978 Act

174 5018 236 5086 Cap.
255 5023 310 5074 ant.
330 5018 394 5072 laec.
416 5020 457 5074 88.
476 5033 513 5071 nr.
534 5020 575 5072 23.

1318 5136 1331 5164 1
