3900 5804
915 1626 977 1726 Β.

930 1906 961 1972 1.

418 2103 496 2154 Anno
519 2101 604 2166 1³40,
626 2101 665 2153 19.
686 2097 788 2164 aprilis.
808 2098 835 2150 ln
853 2096 994 2164 Vilegrad.

312 2246 445 2305 Karalus
466 2247 569 2320 Hung.
593 2251 641 2306 etc.
665 2262 729 2318 rex,
761 2243 898 2318 quosdam
921 2243 1087 2316 proditores
1119 2245 1243 2302 ciuitates
1272 2246 1376 2302 monas
1415 2243 1576 2318 Grecensis,

547 2351 687 2410 sententia
710 2351 900 2423 magistratus
922 2351 1036 2408 civitate
1049 2351 1161 2424 pulsos,
1181 2351 1343 2424 prosensit.

416 2491 556 2553 Karolus
580 2490 631 2551 dei
654 2489 761 2571 gracia
792 2508 846 2551 rex
882 2489 1059 2571 Hungarie.
1087 2489 1201 2578 ¹Fideli
1234 2509 1293 2552 suo
1327 2491 1505 2554 venerabili
1541 2493 1574 2554 in

310 2597 439 2660 Christo
462 2597 562 2679 patri,
579 2595 713 2657 domino
738 2594 899 2673 Ladislao,
916 2595 1029 2656 eadem
1047 2608 1078 2657 et
1094 2595 1269 2678 apostolica
1292 2597 1398 2678 gracia
1423 2597 1575 2681 episcopo

309 2702 508 2785 zagrabiensi
532 2714 563 2764 et
586 2701 727 2784 capitulo
751 2700 885 2763 ecclesie
912 2700 1074 2778 eiusdem;
1107 2701 1183 2763 item
1211 2701 1328 2785 Mykch
1359 2704 1443 2765 bano
1472 2704 1576 2766 tocius

310 2808 492 2888 Sclauonie,
517 2809 651 2889 eiusque
674 2808 760 2868 vices
783 2806 980 2888 gerentibus,
1004 2826 1040 2868 ac
1066 2808 1173 2890 Duym
1198 2821 1229 2871 et
1261 2808 1491 2872 bartholomeo
1520 2830 1575 2873 co·

307 2916 450 2994 mitibus,
475 2914 685 2996 ipsorumque
709 2911 912 2992 officialibus,
929 2932 1055 2974 necnon
1073 2914 1255 2991 comitibus,
1273 2915 1464 2995 castellanis,
1480 2917 1574 2978 nobi·

307 3021 403 3102 libus,
427 3033 523 3102 atque
548 3020 729 3082 civitatibus
761 3033 791 3080 et
815 3019 924 3081 liberis
956 3019 1042 3080 villis
1072 3020 1199 3098 nostris,
1231 3019 1382 3082 videlicet
1412 3022 1574 3102 regalibus

308 3138 339 3187 et
361 3126 568 3208 reginalibus,
590 3125 797 3207 ipsarumque
829 3125 1005 3186 rectoribus
1029 3139 1059 3186 et
1083 3126 1274 3208 generaliter
1305 3127 1472 3209 quibusvis
1502 3127 1573 3190 aliis

307 3232 494 3293 hominibus
526 3231 745 3313 cuiuscunque
770 3231 1008 3312 preeminencie
1043 3232 1093 3292 vel
1129 3244 1228 3294 status
1261 3232 1405 3310 existant,
1440 3245 1505 3293 tarn
1539 3231 1571 3293 in

306 3338 424 3399 tenutis
448 3338 593 3416 bonatus,
618 3356 714 3418 quarn
740 3336 818 3397 alias
843 3336 947 3398 ubivis
971 3337 1052 3398 intra
1076 3337 1230 3399 terminos
1254 3338 1343 3418 regni
1373 3337 1471 3399 nostri
1495 3356 1569 3398 con·

305 3443 433 3521 stitutis,
457 3455 619 3524 presentes
643 3442 767 3520 visuris,
791 3443 927 3503 salutern
944 3457 975 3504 et
990 3442 1216 3523 graciam-Ad
1232 3461 1324 3504 aures
1348 3455 1453 3504 nostre
1471 3442 1570 3504 Maie-

305 3549 392 3610 statis
414 3549 569 3630 pervenit,
594 3547 683 3630 quod
707 3547 870 3610 lohannes
894 3548 997 3610 dictus
1021 3548 1156 3610 Stradba
1173 3561 1203 3609 et
1222 3548 1367 3610 Thomas
1384 3548 1570 3629 gladiarius,

305 3651 400 3716 frater
421 3674 508 3734 suus,
532 3654 703 3734 lohannes,
728 3653 811 3715 filius
835 3653 989 3732 Farlrasii,
1013 3655 1168 3716 Martinus
1192 3654 1392 3736 propinquus
1415 3673 1501 3733 suus,
1533 3653 1568 3715 fi·

305 3748 367 3820 lius
400 3760 525 3822 Nicolai
561 3759 637 3822 dicti
673 3760 859 3842 Popowich,
895 3759 972 3842 llya,
1008 3759 1189 3841 Stephanus
1227 3759 1362 3838 institor,
1398 3758 1568 3838 Termech,

304 3865 459 3949 Recolyn,
484 3866 622 3927 lacobus
645 3864 748 3927 dictus
773 3865 925 3948 Syrocha,
948 3863 1094 3926 Andreas
1117 3862 1266 3936 carnifex,
1284 3865 1410 3926 lwanus
1433 3884 1565 3946 carpen-

304 3971 402 4032 tarius
424 3991 523 4053 gener
548 3971 681 4051 Ladese,
706 3971 813 4034 Mathe
845 3969 929 4032 filius
960 3970 1049 4052 lglan
1080 3983 1112 4032 et
1143 3971 1241 4049 Mina,
1273 3970 1391 4032 notorii
1424 3968 1569 4031 infideles

305 4077 415 4156 nostri,
440 4077 520 4138 olim
544 4076 724 4158 proditores
748 4076 831 4138 dicte
863 4076 998 4138 civitatis
1024 4089 1132 4138 nostre
1165 4077 1284 4138 montis
1316 4075 1496 4154 Grecensis,
1530 4096 1568 4137 ex

303 4182 420 4262 quibus
443 4183 543 4264 aliqui
567 4196 712 4265 ternpore
737 4203 803 4265 quo
828 4184 930 4266 ipsam
953 4182 1176 4265 proditionem
1208 4183 1429 4245 detestabilem
1462 4181 1565 4244 facere

304 4290 513 4368 conabantur,
537 4288 570 4350 in
595 4289 709 4350 eadem
734 4302 839 4351 nostra
874 4289 1000 4351 civitate
1024 4288 1225 4371 deprehensi,
1254 4289 1450 4351 sentenciam
1481 4289 1566 4370 capi-

302 4393 445 4474 pitalem,
468 4407 564 4476 prout
587 4395 823 4474 demeruerunt,
848 4407 1050 4477 reportarunt
1065 4408 1210 4476 tempore
1234 4393 1392 4456 iudicatus
1408 4389 1565 4468 Nicoleti;

302 4499 356 4559 alii
381 4499 448 4582 ipsa
472 4499 595 4581 expulsi
619 4500 855 4562 sentencialiter
879 4501 1040 4561 bandizati
1058 4521 1094 4562 ac
1118 4500 1287 4582 proscripti
1304 4519 1389 4562 nunc
1406 4500 1438 4560 in
1456 4499 1565 4561 medio

302 4605 407 4682 vestri,
431 4605 606 4686 vestrisque
624 4605 656 4667 in
672 4607 791 4667 tenutis
807 4606 942 4668 laterent
957 4605 1147 4685 habitantes,
1165 4626 1247 4688 quos
1263 4606 1397 4667 omnino
1414 4605 1565 4667 volumus

301 4708 343 4770 de
366 4722 468 4770 vestra
492 4711 642 4773 societate
667 4725 698 4772 et
721 4710 949 4774 communione
971 4709 1039 4773 iore
1057 4711 1280 4793 repellendos;
1297 4731 1395 4793 quare
1419 4710 1565 4773 fidelitati

301 4828 414 4894 vestre,
439 4829 684 4898 vestrorumque
708 4817 839 4880 cuilibet
865 4818 896 4879 in
921 4817 1065 4879 solidum
1092 4817 1181 4899 regio
1205 4816 1298 4879 firmo
1323 4817 1381 4880 sub
1414 4832 1565 4902 precepto

302 4921 475 4983 scribentes
499 4921 613 4984 damus
647 4923 681 4984 in
704 4923 875 5002 mandatis,
907 4937 1066 5005 quatenus
1097 4922 1228 4986 eosdem
1261 4922 1407 4986 infideles
1439 4937 1565 4987 nostros

304 5025 455 5108 deinceps
479 5028 609 5090 uberius
632 5048 731 5111 penes
754 5048 812 5091 vos
847 5030 880 5090 in
913 5029 1086 5111 medioque
1116 5029 1210 5092 vestri
1243 5048 1309 5091 non
1340 5031 1564 5113 presummatis
