3808 5792
404 498 466 562 208
826 500 900 558 Doc.
925 495 995 558 168.
1020 532 1062 543 -
1087 501 1140 560 Aa.
1166 511 1245 574 1520

1371 606 1544 614 ———.-...
1549 608 1674 616 ..n——

404 726 591 790 huiusmodi
616 725 748 789 eosdem
772 726 1021 810 compelleretis,
1036 739 1168 810 propter
1191 740 1255 809 que
1274 727 1461 808 gravamine
1478 749 1495 790 a
1513 729 1674 813 plerisque

403 853 479 896 usus
502 833 753 896 mercanciarum
777 831 898 894 ibidem
919 832 1190 895 intermitteretur.
1215 832 1280 894 Alii
1306 851 1382 895 vero
1404 833 1445 895 ad
1469 835 1540 913 loca
1563 837 1666 899 aliena

405 939 601 1002 diverterent
625 939 657 1000 in
683 939 860 1000 maximum
887 937 1120 1000 tricesimarum
1143 927 1331 1002 earumdem
1354 953 1391 1002 ac
1414 939 1550 1003 abelonii
1576 941 1675 1005 dicto-

404 1065 475 1110 rum
499 1045 739 1128 exp'onencium
762 1057 793 1107 et
817 1045 949 1107 ecclesie
973 1045 1117 1127 ipsorum
1141 1045 1221 1106 inibi
1245 1045 1330 1126 erigi
1358 1045 1445 1107 soliti
1469 1046 1674 1128 dispendium

405 1166 436 1216 et
458 1151 625 1234 jacturam.
649 1150 744 1213 Unde
769 1169 829 1212 nos
852 1151 1017 1232 cupientes
1045 1151 1192 1213 subditos
1224 1165 1351 1214 nostros
1375 1171 1393 1213 a
1417 1153 1543 1214 casibus
1575 1153 1678 1214 noxiis

405 1257 609 1340 indempnos,
634 1269 670 1318 ut
691 1268 851 1336 tenemur,
874 1272 1068 1340 preservare,
1092 1258 1330 1340 commodaque
1347 1267 1377 1319 er
1394 1258 1547 1320 utilitates
1564 1277 1676 1320 eorum

406 1383 609 1447 promovere,
632 1362 778 1426 fidelitati
802 1376 906 1426 vestre
929 1362 1044 1426 harum
1068 1365 1149 1427 serie
1174 1363 1357 1426 firmissime
1392 1364 1624 1426 committimus
1646 1377 1678 1427 et

406 1471 608 1550 mandamus,
625 1483 784 1552 quatenus
808 1470 972 1552 premissis
984 1471 1029 1532 sic
1042 1485 1075 1532 se
1089 1470 1292 1548 habentibus,
1310 1471 1485 1532 tricesimas
1504 1469 1678 1532 Maiestatis

406 1589 513 1639 nostre
537 1574 675 1660 prelatas
691 1577 731 1637 ab
755 1575 827 1654 hiis,
853 1575 908 1657 qui
941 1577 973 1637 in
1006 1595 1114 1638 aream
1147 1576 1356 1658 capitularem
1388 1575 1547 1637 dictorum
1582 1590 1677 1658 expo-

405 1683 556 1746 nentium
580 1701 654 1745 cum
678 1685 773 1744 rebus
796 1695 828 1744 et
851 1683 1012 1744 mercibus
1035 1683 1179 1765 ipsorum
1204 1701 1262 1764 pro
1285 1695 1432 1764 ternpore
1457 1681 1672 1764 applicuerint

407 1789 526 1852 ibidem
551 1789 688 1870 exigere,
712 1801 744 1850 et
766 1787 950 1850 nullatenus
973 1789 1014 1850 ad
1038 1789 1199 1852 civitatem
1224 1788 1399 1851 Maiestatis
1412 1801 1532 1872 ⁸‘nostre
1555 1788 1676 1849 montis

408 1894 577 1958 Grecensis
599 1892 755 1976 prefatam
781 1894 868 1975 ipsos
901 1894 1018 1956 invitos
1048 1915 1123 1957 cum
1154 1896 1249 1956 rebus
1281 1907 1313 1956 et
1345 1894 1534 1956 mercanciis
1565 1913 1676 1956 eorum

406 2001 601 2083 compellere
625 2000 779 2063 debeatis.
806 1999 904 2061 Secus
938 2013 1034 2082 prout
1066 2001 1327 2082 indignacionem
1361 1999 1537 2062 Maiestatis
1571 2012 1676 2062 nostre

407 2108 506 2169 vitare
531 2106 697 2168 volueritis
721 2105 810 2167 nulla
840 2105 968 2168 racione
1000 2105 1123 2169 facturi.
1160 2107 1365 2168 Preaentibus
1401 2107 1559 2189 perlectis,
1591 2105 1675 2167 erbi-

407 2213 492 2274 benti
518 2213 679 2274 restitutis.
705 2211 824 2273 Datum
849 2211 941 2273 liude
966 2211 1044 2274 feria
1068 2213 1166 2276 tercia
1189 2212 1337 2294 proxima
1361 2223 1434 2294 post
1458 2210 1576 2274 lestum
1605 2212 1677 2272 visi·

406 2319 542 2381 tacionis
566 2318 747 2381 beatissime
773 2318 907 2399 virginis
932 2319 1044 2398 Marie,
1062 2321 1121 2382 sub
1145 2339 1231 2382 anno
1248 2319 1372 2381 domini
1391 2318 1566 2382 millesimo
1584 2318 1677 2400 quin·

409 2426 589 2507 gentesimo
613 2424 781 2507 vigesimo.

516 2565 653 2630 originale
673 2566 699 2617 in
719 2565 817 2620 charta.
836 2565 864 2617 ln
884 2565 1001 2632 margine
1021 2565 1141 2618 lnleriori
1174 2565 1332 2630 impressum
1352 2570 1394 2617 est
1412 2565 1539 2631 sigillum.
1561 2561 1591 2616 ln
1610 2565 1672 2616 arch

409 2669 468 2708 ven.
488 2655 567 2719 capit.
588 2655 695 2720 zagrab.
714 2655 774 2707 Act.
794 2655 858 2720 Cap.
878 2655 937 2706 Ant.
957 2653 1023 2708 lasc.
1045 2657 1084 2708 10.
1105 2667 1142 2706 nr.
1165 2655 1206 2705 52.

1001 2937 1083 3004 168.

514 3095 589 3147 Anno
609 3094 687 3150 1520.
709 3095 749 3148 18.
768 3095 938 3160 septembris.
958 3092 1115 3160 Zagrabiae.

407 3241 436 3297 A
458 3239 581 3314 capitula
603 3240 722 3315 sagrab.
747 3240 864 3314 collegas
886 3239 1176 3300 Praebendariorum
1198 3241 1324 3299 eduntur
1344 3241 1402 3298 duo
1417 3244 1563 3314 exscripta
1586 3239 1677 3313 dplo

408 3355 498 3423 mota,
528 3349 632 3422 quibus
652 3347 792 3405 ¹ecclesiae
826 3345 1005 3406 cathedrales
1027 3347 1244 3405 Praebendarii
1272 3367 1291 3404 a
1314 3348 1421 3405 decim
1445 3348 1529 3421 episc.
1561 3345 1679 3420 augrob.

877 3453 1016 3512 solvenda
1041 3453 1211 3511 liberantur.

515 3593 581 3654 Nos
605 3592 781 3674 capitulum
807 3593 940 3654 ecclesie
965 3593 1191 3674 zagrabiensis.
1225 3593 1383 3655 Memoris
1415 3592 1680 3655 commendamus

409 3711 519 3760 tenore
555 3698 757 3779 presencium
793 3697 1020 3780 significantes,
1052 3699 1172 3780 quibus
1209 3697 1338 3780 expedit
1374 3698 1540 3760 universis.
1582 3697 1680 3771 Quod

412 3804 610 3866 honorabilis
635 3803 789 3867 Nicolaus
825 3804 865 3866 de
897 3804 1056 3866 Rakonolr
1087 3805 1230 3867 decanus
1262 3817 1293 3866 et
1324 3803 1555 3886 prebendarius
1593 3801 1679 3864 chori

411 3911 542 3973 ecclesie
567 3921 674 3972 nostre
698 3910 914 3990 zagrabiensis
939 3911 971 3971 in
995 3929 1051 3972 sua
1076 3929 1111 3971 ac
1144 3911 1248 3972 tocius
1281 3910 1522 3971 communitatis
1554 3908 1680 3990 collegii

411 4027 441 4078 et
465 4015 752 4098 prebendariorum
776 4035 835 4078 nec
860 4035 925 4078 non
948 4015 1162 4077 altaristarum
1195 4015 1340 4077 eiusdem
1373 4015 1505 4077 ecclesie
1537 4014 1682 4097 personis

410 4135 552 4184 nostram
575 4121 785 4204 personaliter
809 4122 941 4183 veniens
965 4121 997 4182 in
1023 4121 1223 4203 presenciam
1257 4119 1403 4184 exhibuit
1435 4133 1466 4182 et
1489 4120 1682 4202 presentavit

410 4228 503 4288 nobis
512 4228 668 4308 quasdam
678 4228 770 4289 binas
778 4228 908 4305 litteras,
918 4247 998 4289 unas
1008 4227 1266 4289 reverendissimi
1277 4223 1416 4289 condam
1426 4228 1510 4288 bone
1522 4226 1679 4288 memorie

411 4331 535 4394 domini
560 4333 699 4410 Andree,
723 4332 774 4393 dei
799 4345 829 4394 et
853 4331 1030 4414 apostolice
1051 4333 1135 4395 sedis
1158 4334 1266 4414 gracia
1291 4333 1433 4415 episcopi
1466 4332 1598 4394 ecclesie
1631 4351 1681 4393 za·

411 4438 587 4515 grabiensis
600 4435 740 4519 prelate;
774 4437 890 4499 alteras
903 4438 1051 4500 similiter
1075 4439 1335 4502 reverendissimi
1359 4437 1440 4500 olim
1463 4439 1516 4520 pie
1535 4437 1681 4499 reminis·

412 4543 520 4603 cencie
545 4543 670 4604 domini
707 4542 863 4604 iohannis
887 4544 1001 4606 eadem
1037 4544 1088 4606 dei
1115 4557 1145 4607 et
1180 4545 1356 4627 apostolice
1392 4545 1476 4606 sedis
1509 4545 1616 4626 gracia
1647 4563 1682 4604 ac

413 4645 560 4710 similiter
605 4650 747 4731 episcopi
784 4650 930 4712 eiusdem
978 4651 1122 4730 ecclesie,
1156 4649 1292 4713 modum
1327 4663 1358 4713 et
1393 4649 1529 4712 formam
1578 4650 1681 4711 cuius·

414 4749 486 4811 dam
511 4756 727 4835 exempcionis
766 4769 797 4817 et
821 4755 1039 4819 libertaciunis
1075 4759 1107 4820 in
1144 4777 1176 4820 se
1202 4759 1402 4820 continentes
1426 4769 1457 4817 et
1492 4756 1682 4817 denotantes

414 4857 533 4917 tenoris
557 4859 757 4943 infrascripti,
782 4862 813 4923 in
842 4882 1039 4944 pergameno
1071 4875 1217 4946 patenter
1253 4861 1414 4926 confectas
1445 4875 1476 4923 et
1509 4875 1681 4938 emanatas,

415 4959 590 5042 sigillisque
615 4967 792 5029 eorundem
817 4981 913 5051 prout
937 4970 1040 5050 prima
1065 4967 1145 5030 facie
1170 4969 1346 5052 apparebat
1364 4969 1395 5030 in
1413 4968 1565 5050 pendenti
1594 4966 1680 5048 sigil-

1886 952 1894 1007 ,
