3900 5804
696 567 814 628 Statata
837 571 1128 630 Praebendariamrn.
1169 649 1176 664 .

375 796 427 853 Ad
437 797 630 871 preficiendas
646 798 764 873 fratres
785 799 980 861 decimatores.

376 937 540 1011 Quoniam
564 937 756 1020 plerumque
779 938 934 1002 hactenus
957 957 1052 1020 super
1084 938 1250 1001 dicacione
1280 961 1336 1002 seu
1361 959 1535 1005 connume-

269 1043 397 1105 racione
422 1043 619 1106 decimarum
644 1057 825 1106 nostrarum
850 1045 972 1108 cultelli
997 1045 1157 1108 districtus
1174 1047 1213 1108 de
1232 1048 1393 1128 Marocha,
1411 1049 1451 1112 de
1467 1071 1534 1113 non

271 1149 428 1212 servando
451 1150 552 1212 modo
576 1164 607 1213 et
630 1150 755 1230 ordine,
778 1165 846 1214 orte
871 1151 1002 1214 extitere
1026 1152 1229 1233 questiones;
1263 1154 1409 1217 volentes
1440 1157 1536 1238 igitur

271 1276 331 1318 nos
354 1256 551 1319 eiuscemodi
576 1256 812 1320 dissensionum
843 1257 984 1340 materiis
1008 1258 1093 1319 viam
1124 1258 1323 1340 praeludere,
1356 1274 1452 1344 atque
1484 1283 1537 1325 eas

272 1363 304 1423 in
328 1364 452 1425 bonum
475 1363 624 1426 ordinem
648 1363 816 1444 deducere,
840 1363 1040 1426 decrevimus
1064 1378 1099 1426 ut
1125 1365 1245 1428 amodo
1269 1365 1422 1450 deinceps
1445 1383 1476 1430 et
1504 1371 1536 1430 in

272 1482 364 1530 antea
388 1469 453 1531 duo
477 1489 515 1531 ex
539 1469 680 1532 dominis
702 1468 851 1532 fratribus
875 1470 1001 1550 nostris,
1025 1470 1175 1534 videlicet
1191 1492 1274 1534 unus
1303 1493 1341 1533 ex
1357 1475 1537 1536 senioribus

273 1587 304 1636 et
327 1575 407 1637 alter
441 1595 478 1637 ex
503 1576 694 1658 iunioribus,
730 1597 812 1659 quos
844 1597 904 1638 nos
931 1578 971 1639 ad
1008 1577 1193 1640 huiusmodi
1219 1597 1301 1640 onus
1332 1580 1537 1642 subeundum

274 1680 459 1744 duxerimus
483 1683 650 1765 eligendos
673 1699 704 1746 et
729 1683 955 1767 deputabimus
983 1685 1023 1746 ad
1053 1685 1307 1746 decimacionem
1329 1706 1385 1747 seu
1416 1707 1536 1748 connu-

273 1788 488 1850 meracionem
511 1790 652 1872 ipsarum
676 1790 875 1853 decimarum
898 1803 1090 1871 nostrarum,
1122 1793 1243 1873 absque
1272 1792 1361 1853 omni
1386 1793 1537 1874 tergiver.

273 1895 397 1959 satione
421 1909 452 1959 et
474 1896 650 1960 renitencia
673 1896 806 1979 aliquali
831 1917 863 1957 se
888 1915 963 1958 mox
980 1895 1155 1976 conferant,
1173 1897 1332 1960 eiusmodi
1349 1899 1536 1961 mandatum

274 2013 421 2064 nostrum
446 2003 646 2084 exequuturi,
671 2003 731 2065 sub
754 2022 838 2086 pena
862 2003 1001 2064 carentie
1024 2015 1238 2085 proventuum
1263 2003 1449 2066 earundem.

379 2217 430 2276 De
443 2217 648 2292 presentandos
669 2217 843 2276 decimarum
865 2219 1005 2292 regestris.

382 2375 499 2473 Sepiuq
519 2395 575 2458 per
599 2374 811 2437 decimatores
827 2387 952 2436 nostros
968 2393 1063 2456 super
1078 2375 1314 2457 presentatione
1331 2375 1538 2456 registrorum

276 2482 416 2564 ipsarum
440 2481 638 2544 decimarum
666 2495 847 2546 nostrarum
871 2482 947 2544 certi
980 2481 1123 2543 delectus
1155 2481 1447 2560 committebantur,
1478 2496 1539 2544 sta-

275 2589 396 2650 tuimus
419 2588 526 2670 igitur,
551 2601 585 2650 ut
609 2589 669 2670 ipsi
693 2589 904 2650 decimatores
930 2588 981 2649 vel
1005 2588 1084 2650 alter
1114 2587 1257 2670 ipsorum
1288 2601 1459 2669 purgatum
1491 2607 1539 2648 re-

276 2695 410 2776 gistrum
434 2695 551 2773 statim,
575 2694 689 2776 quinto
714 2694 765 2755 die
788 2709 862 2778 post
884 2693 1023 2756 reditum
1047 2694 1201 2776 ipsorum,
1219 2693 1250 2754 in
1276 2693 1419 2754 medium
1440 2694 1538 2756 nostri

275 2801 452 2883 producere
476 2814 507 2863 et
529 2799 671 2883 proferre
696 2801 834 2864 debeant
857 2814 887 2863 et
910 2813 1088 2880 teneantur,
1112 2801 1171 2862 sub
1196 2819 1277 2881 pena
1303 2799 1397 2860 unius
1425 2799 1537 2861 floreni

276 2907 454 2989 hungarici.

382 3121 432 3178 De
454 3121 626 3180 decimarum
649 3127 815 3179 nostrornm
838 3121 987 3179 exactione
1010 3128 1038 3177 et
1059 3117 1178 3179 illarum
1207 3121 1468 3181 administratione.

381 3296 513 3358 Decime
548 3295 644 3378 igitur
673 3294 859 3358 huiusmodi
888 3315 946 3378 per
969 3295 1055 3377 ipsos
1086 3295 1297 3356 decimatores
1329 3307 1453 3356 nostros
1486 3315 1542 3356 seu

279 3403 330 3464 cui
354 3402 386 3464 id
411 3403 470 3485 ipsi
495 3423 569 3466 cure
593 3403 626 3464 id
654 3403 883 3481 commiserint,
918 3402 1001 3483 exigi
1025 3401 1130 3464 solent
1162 3403 1194 3463 in
1226 3400 1363 3483 propriis
1395 3401 1542 3482 expensis

279 3528 317 3570 ex
341 3529 391 3588 en,
415 3509 490 3591 quia
514 3510 574 3592 ipsi
598 3509 630 3570 in
654 3509 713 3571 hac
743 3521 843 3592 parte,
865 3521 896 3570 et
919 3529 984 3570 non
1008 3521 1116 3570 noster
1147 3508 1298 3587 decanus,
1320 3506 1439 3570 tollunt
1469 3526 1541 3588 pro·

279 3629 434 3677 ventuum
458 3615 623 3697 dupplamt
647 3619 780 3677 Attento
803 3628 921 3692 tamen,
946 3614 1034 3696 quod
1061 3634 1120 3676 nos
1137 3613 1334 3676 adminiculo
1352 3612 1541 3674 litteratorio

280 3721 361 3782 circa
384 3721 536 3804 premissa
561 3720 808 3802 quomodolibet
831 3721 1010 3783 necessario
1037 3720 1113 3803 ipsis
1136 3719 1246 3782 adesse
1271 3719 1478 3794 debebimus;
1503 3737 1541 3778 eo

280 3827 382 3889 eciam
406 3847 472 3889 non
494 3827 709 3910 pretermisso,
727 3827 815 3909 quod
839 3827 864 3888 si
881 3827 941 3909 ipsi
958 3826 1170 3888 decimatores
1187 3824 1384 3888 eiuscemodi
1402 3823 1543 3885 decimas

280 3931 362 3994 infra
385 3930 502 3994 festum
525 3933 625 3995 sancti
650 3933 817 3995 Laurentii
841 3933 978 3994 martiris
1001 3953 1067 3994 non
1102 3933 1273 4014 exegerint,
1299 3943 1329 3992 et
1353 3930 1446 3992 nobis
1477 3949 1542 3991 non

281 4039 583 4119 administraverint,
619 4053 734 4102 extunc
770 4059 845 4102 mox
878 4039 987 4122 elapso
1022 4039 1093 4121 ipso
1128 4037 1208 4100 festo
1243 4036 1340 4099 sancti
1374 4035 1542 4098 Laurencii

281 4147 437 4207 universis
466 4148 675 4228 proventibus
707 4147 849 4230 ipsorum
875 4144 1025 4208 emedio
1050 4145 1148 4206 nostri
1173 4141 1431 4227 provenientium
1457 4155 1536 4203 tam-

282 4250 348 4332 diu,
374 4271 543 4334 quousque
568 4253 651 4335 ipsas
674 4252 815 4315 decimas
842 4251 936 4313 nobis
960 4251 1139 4312 curaverint
1156 4249 1389 4327 administrare,
1406 4247 1543 4308 sentient

282 4379 314 4420 se
339 4359 426 4442 ipsos
449 4360 599 4443 privatos.
1495 4356 1498 4364 ⁴

384 4575 435 4633 De
456 4572 679 4634 testamentariis
698 4573 895 4647 legationibus.

387 4731 472 4806 Quia
495 4732 602 4815 sepius
624 4751 680 4814 per
704 4745 806 4793 certos
829 4729 979 4792 dominos
1003 4743 1155 4813 patronos
1178 4741 1303 4791 nostros
1328 4743 1358 4791 et
1374 4727 1544 4811 plerosque

213 4904 218 4914 ,
284 4838 365 4900 alios
388 4837 506 4901 Christi
541 4837 652 4901 fideles
675 4838 768 4900 solite
792 4851 865 4899 sunt
888 4837 982 4900 nobis
1004 4836 1072 4899 fieri
1096 4835 1334 4898 testamentario
1368 4835 1546 4916 legationes

284 4957 316 5006 et
350 4945 411 5006 alie
436 4945 634 5023 oblationes;
659 4945 755 5026 igitur
786 4945 945 5006 nollentes
977 4963 1035 5005 nos
1059 4943 1182 5005 ratione
1205 4942 1314 5024 previa
1339 4941 1545 5002 immemores

285 5052 445 5113 bonorum
469 5065 671 5135 receptorum
695 5052 839 5131 reddere,
865 5053 943 5133 quin
966 5051 1089 5134 pocius,
1114 5064 1149 5111 ut
1172 5049 1358 5131 diligentius
1391 5061 1422 5110 et
1445 5061 1545 5110 atten-
