3732 5802
361 468 367 482 ¹
391 517 447 577 152
803 497 878 558 Doc.
902 509 972 574 124.
1001 529 1035 538 —
1059 496 1116 557 Au.
1139 497 1229 570 1516.

361 725 515 808 ,collegii
540 726 628 788 chori
653 726 786 788 ecclesie
812 738 918 787 nostre
942 725 1083 808 predicte
1108 724 1215 786 debita
1236 743 1309 784 cum
1326 722 1479 784 instancia
1497 721 1656 802 requisiti,

386 845 543 914 quatenus
579 832 654 914 ipsis
690 832 772 893 hanc
807 845 949 894 nostram
986 830 1182 892 sentenciam
1215 827 1418 891 diffinitivam
1452 827 1657 910 presentibus

386 937 498 1000 litteris
521 939 637 1000 nostris
660 937 915 1020 privilegialibus
939 937 1113 999 inserentes
1138 949 1168 998 et
1192 935 1399 997 inscribentes
1423 934 1498 997 dare
1524 947 1556 994 et
1578 952 1657 994 con-

386 1043 499 1106 cedere
538 1043 754 1126 dignaremur.
796 1044 890 1106 Unde
924 1057 1087 1125 presentes
1122 1041 1242 1103 litteras
1276 1055 1399 1102 nostras
1434 1039 1655 1123 privilegiales

388 1151 552 1212 communi
577 1149 701 1231 justicia
725 1150 876 1212 svadente
894 1148 1079 1211 memoratis
1096 1148 1254 1230 Dyonisio
1271 1147 1404 1226 decano,
1420 1146 1546 1227 totique
1568 1164 1658 1206 com-

386 1255 534 1316 munitati
558 1267 589 1316 et
613 1255 752 1336 collegio
783 1255 1071 1337 prebendariorum
1103 1273 1241 1334 quorum
1270 1272 1364 1335 supra
1397 1252 1547 1314 duximus
1580 1271 1657 1313 con·

388 1360 569 1423 cendendas
603 1361 680 1442 juris
712 1363 854 1445 ipsorum
888 1362 929 1423 ad
954 1360 1122 1422 cautelam.
1155 1359 1273 1421 Datum
1302 1359 1354 1420 die
1380 1357 1520 1437 Saturni,
1544 1371 1659 1439 quarta

388 1467 512 1528 decima
544 1467 597 1529 die
628 1467 747 1530 mensis
780 1466 871 1549 junii.
906 1471 1001 1528 Anno
1033 1466 1157 1528 domini
1188 1465 1361 1527 millesimo
1394 1465 1658 1547 quingentesimo

387 1572 559 1636 sedecimo.

444 1683 552 1751 Signum

442 1775 548 1828 notarii.

492 1872 677 1935 Auscultate
701 1885 732 1935 ct
756 1873 966 1935 collacionata
990 1893 1046 1956 pet
1070 1892 1121 1935 me
1146 1873 1289 1934 Blasium
1305 1885 1419 1935 natum
1436 1872 1599 1934 Francisci
1618 1872 1659 1933 de

387 1979 588 2042 Alsozdencz
621 1979 781 2042 notarium
811 1999 898 2042 sacra
921 1979 1109 2042 auctoritate
1133 1979 1310 2061 apostolica
1334 1979 1502 2061 publicum
1527 1992 1559 2040 et
1582 1997 1659 2039 con·

388 2085 498 2147 cordat
522 2105 594 2147 cum
619 2105 678 2148 suo
702 2085 851 2167 originali
872 2085 912 2147 de
929 2087 1028 2147 verbo
1045 2085 1085 2146 ad
1103 2087 1236 2147 verbum
1253 2105 1348 2168 super
1365 2104 1430 2166 quo
1447 2083 1532 2146 facio
1549 2083 1659 2147 fidem.

495 2224 631 2292 originale
651 2227 676 2278 in
694 2227 793 2290 charta,
814 2225 840 2278 in
859 2227 959 2278 archiv.
978 2227 1107 2278 bonorab.
1129 2227 1246 2293 collegii.
1268 2225 1534 2280 Praebendariomm.

981 2509 1065 2574 124.

493 2668 567 2719 Anno
590 2669 665 2734 1516,
685 2683 775 2719 mense
792 2667 875 2734 junio.
894 2667 1051 2734 Zagrablae.

395 2794 554 2874 Collegium
569 2771 849 2867 praebendariorum
872 2798 1021 2872 scatentia,
1043 2816 1119 2870 quae
1140 2817 1160 2853 a
1182 2798 1308 2871 capitulo
1330 2797 1364 2854 dc
1384 2798 1487 2855 balneo
1510 2805 1555 2856 est
1575 2797 1661 2870 dicta,

637 2919 694 2957 non
716 2909 886 2976 contentum,
893 2909 1041 2975 provocat
1061 2903 1104 2960 ad
1122 2903 1214 2960 sedem
1236 2904 1409 2963 Romanam.

497 3038 581 3099 Cum
613 3038 844 3120 appellationis
877 3039 1055 3102 remedium
1081 3041 1113 3102 in
1138 3039 1318 3102 subsidium
1340 3053 1372 3103 et
1394 3039 1582 3113 relevamen
1605 3058 1663 3121 op·

389 3163 582 3226 pressorum,
605 3157 851 3223 gravatorumve
883 3166 901 3206 a
930 3145 997 3226 jure
1022 3159 1053 3218 et
1077 3147 1194 3208 sanctis
1213 3147 1368 3228 patribus,
1392 3146 1563 3227 utriusque
1588 3145 1663 3226 juris

390 3232 575 3310 doctoribus
606 3249 646 3309 sit
677 3250 886 3312 adinventum
920 3265 955 3312 ut
986 3252 1055 3312 eius
1087 3251 1233 3313 subsidio
1262 3265 1293 3314 et
1317 3251 1516 3314 relevamine
1539 3251 1662 3332 gravati

389 3366 547 3433 tueantur,
572 3354 828 3436 releventurque,
853 3376 911 3438 pro
935 3377 975 3419 eo
1000 3377 1107 3419 coram
1126 3359 1226 3420 Vobis
1243 3358 1281 3422 R.
1300 3358 1338 3421 D.
1357 3358 1499 3440 capitulo
1528 3357 1662 3419 ecclesie

389 3459 604 3540 zagrabiensis
628 3459 787 3540 judicibus
800 3463 894 3524 nobis
907 3463 1088 3542 ordinariis,
1110 3463 1251 3526 dominis
1273 3464 1389 3526 nostris
1404 3464 1662 3546 graciosissimis,

390 3583 451 3644 ego
475 3564 650 3646 Dyonisius
673 3565 713 3626 de
738 3565 934 3628 Gwdowecz
959 3568 1099 3630 decanus
1127 3584 1158 3631 et
1181 3570 1386 3652 prebendarii
1414 3570 1503 3631 chori
1528 3570 1663 3632 ecclesie

390 3667 429 3729 R.
453 3669 492 3730 D.
516 3669 701 3731 Vestrarum
734 3673 950 3752 zagrabiensis
983 3675 1015 3735 in
1048 3695 1185 3756 persona
1213 3677 1316 3738 tocius
1338 3677 1583 3738 communitatis
1605 3695 1663 3737 seu

389 3773 517 3853 collegii
545 3775 831 3855 prebendariorum
863 3778 903 3840 de
937 3780 1061 3860 eadem,
1086 3801 1215 3842 causam
1246 3795 1278 3843 et
1310 3802 1429 3861 causas,
1455 3803 1556 3864 quam
1581 3783 1662 3844 alias

389 3877 586 3939 honorabilis
610 3879 761 3943 dominus
785 3883 967 3947 Demetrius
990 3887 1173 3968 prepositus
1196 3888 1329 3950 ecclesie
1354 3889 1446 3950 beate
1470 3889 1606 3970 virginis
1630 3889 1663 3950 in

390 4001 462 4043 area
486 3983 650 4064 capitulari
676 3987 714 4047 R.
740 3986 778 4049 D.
804 3989 841 4050 V.
867 3991 1066 4071 zagrabiensi
1091 3991 1234 4072 fundate,
1259 3994 1292 4055 in
1316 4013 1372 4056 sua
1396 4015 1433 4056 ac
1455 3995 1591 4058 ecclesie
1607 4015 1665 4058 sue

390 4088 533 4167 personis
567 4089 694 4151 racione
731 4093 899 4156 cuiusdam
931 4098 1038 4160 balnei
1073 4118 1173 4182 prope
1205 4100 1373 4162 ecclesiam
1405 4102 1497 4162 beate
1529 4101 1666 4183 virginis

390 4192 567 4272 predictam
591 4199 775 4277 constructi,
798 4201 930 4282 eiusque
948 4205 1185 4284 possessionem
1202 4206 1235 4268 in
1253 4207 1344 4268 cuius
1359 4206 1512 4268 videlicet
1527 4206 1666 4289 pacifico

391 4307 422 4355 et
445 4298 554 4377 quieto
585 4300 731 4372 dominio
755 4305 814 4366 rite
847 4319 878 4368 et
902 4308 1059 4390 legittime
1083 4331 1101 4372 a
1124 4324 1215 4374 tanto
1247 4326 1277 4374 et
1300 4332 1358 4394 per
1380 4325 1505 4374 tantum
1535 4327 1667 4396 tempus

283 4483 286 4488 Δ
391 4399 480 4460 cuius
494 4401 580 4464 inicii
593 4409 750 4470 memoria
762 4409 934 4474 hominum
948 4433 1014 4476 non
1029 4429 1085 4495 est,
1100 4417 1155 4498 qui
1170 4417 1273 4480 eciam
1286 4432 1356 4480 tum
1370 4419 1437 4500 ipse
1459 4431 1528 4480 tum
1548 4419 1666 4501 prede·

297 4553 298 4556 ,
392 4521 530 4566 cessores
562 4509 610 4570 sui
643 4513 789 4575 omniurn
822 4517 1067 4599 privilegiorum
1099 4536 1129 4584 et
1164 4523 1452 4586 instrumentorum
1483 4545 1542 4606 pro
1574 4538 1667 4607 parte

393 4609 677 4681 prebendariorum
709 4631 740 4680 et
770 4621 878 4683 balnei
910 4639 1061 4687 sonantes
1091 4627 1240 4690 habuerit
1271 4631 1371 4711 paria,
1402 4630 1607 4712 scienterque
1637 4646 1667 4693 et

393 4710 555 4775 maliciose
589 4734 697 4783 contra
728 4725 859 4788 eosdem
891 4731 1122 4810 prebendarios
1149 4734 1240 4795 litem
1264 4736 1403 4796 moverit
1426 4749 1457 4797 et
1481 4737 1667 4832 intentavit,

393 4829 451 4872 nec
474 4835 506 4876 se
531 4828 763 4903 quoquomodo
788 4830 948 4895 dictorum
972 4837 1218 4918 privilegiorum
1239 4852 1271 4902 et
1288 4839 1577 4902 instrumentorum
1594 4855 1666 4903 tum

394 4932 524 4980 suorum
548 4943 643 5003 quam
666 4934 954 5012 prebendariorum
979 4942 1012 5003 in
1029 4942 1087 5005 hac
1103 4959 1192 5026 parte
1210 4965 1361 5010 excusare
1376 4947 1505 5030 poterit,
1522 4948 1668 5010 nescitur
