3808 5792
621 584 692 645 Doc.
716 595 786 661 194.
808 618 849 627 —
874 586 930 645 An.
954 581 1045 660 1526.
1416 603 1476 668 243

216 688 513 698 ——--——---.--
521 690 619 696 —-—.-
629 691 664 695 -
934 691 1173 698 -.-—-.—.—-
1189 693 1477 701 —.—-—-—.-——.-

210 810 295 893 (cum
320 810 358 872 de
384 811 549 872 communi
574 811 720 872 omnium
745 811 846 873 salute
871 811 993 894 agatur)
1012 825 1177 895 exemptus
1194 814 1243 892 sit,
1261 815 1321 875 nisi
1339 815 1476 877 nimium

209 937 375 999 pauperes,
400 917 454 998 qui
479 917 521 978 ob
546 917 690 999 inopiam
714 918 916 979 contribuere
940 937 1006 979 non
1037 933 1176 1000 possent.
1210 920 1363 982 Ceterum
1397 941 1477 1002 quo-

209 1025 295 1084 niam
320 1043 406 1085 cesar
431 1022 636 1084 Thurcorum
668 1023 708 1084 ad
741 1043 795 1085 ver
827 1021 970 1084 futurum
1002 1024 1212 1105 personaliter
1245 1025 1305 1087 hoc
1340 1045 1474 1107 regnum

211 1143 355 1190 nostrum
381 1129 532 1192 invadere
555 1131 734 1213 proposuit,
759 1129 809 1191 cui
834 1129 897 1190 deo
921 1130 1093 1191 adiuvante
1127 1151 1186 1192 nos
1210 1152 1340 1214 quoque
1371 1152 1478 1214 perso-

209 1235 324 1297 naliter
347 1255 523 1315 occurrere,
555 1236 719 1317 vitamque
744 1247 885 1297 nostram
909 1255 967 1318 pro
991 1237 1092 1298 salute
1126 1236 1220 1299 huius
1244 1237 1332 1319 regni
1358 1257 1479 1321 ponere

210 1361 276 1404 non
297 1342 527 1404 dubitabimus.
554 1341 746 1404 Mandamus
770 1361 895 1404 rursum
920 1341 1012 1403 vobis
1036 1343 1095 1403 sub
1119 1363 1202 1424 pena
1227 1342 1423 1406 infidelitatis
1447 1359 1478 1405 et

210 1447 391 1510 amissionis
415 1449 563 1510 omnium
587 1450 747 1510 bonorum
772 1461 960 1526 vestrorum,
978 1461 1012 1508 ut
1029 1467 1087 1509 vos
1105 1467 1236 1530 quoque
1260 1449 1343 1510 ultra
1367 1463 1478 1530 gentes

210 1566 329 1614 vestras
342 1554 520 1616 ordinarias
538 1555 639 1615 eciam
656 1553 814 1616 decimam
831 1567 954 1635 partem
971 1553 1162 1616 colonorum
1181 1568 1371 1634 vestrorum,
1387 1554 1475 1636 juxta

211 1659 454 1722 ordinacionem
478 1680 563 1722 anno
588 1660 738 1742 preterito
761 1659 932 1742 superinde
956 1659 989 1720 in
1003 1660 1131 1741 publica
1156 1660 1242 1723 dieta
1265 1660 1392 1740 factam,
1418 1663 1476 1723 be-

210 1785 250 1826 ne
275 1780 411 1828 armatas
434 1778 465 1829 et
488 1766 640 1828 omnibus
664 1767 758 1826 rebus
783 1765 906 1826 bellicis
925 1778 1026 1846 atque
1043 1765 1235 1828 victualibus
1260 1769 1341 1830 bene
1365 1787 1478 1850 prepa-

213 1885 294 1933 ratas
304 1871 421 1934 babere
439 1873 582 1934 debeatis
596 1873 649 1950 ita,
659 1885 694 1934 ut
704 1891 777 1934 cum
791 1885 935 1953 tempore
946 1871 1137 1934 adveniente
1154 1873 1246 1934 vobis
1263 1873 1482 1956 scripserimus

212 1977 344 2039 adhunc
359 1979 601 2060 expedicionem
615 1977 800 2040 huiusmodi
813 1977 971 2038 decimam
980 1991 1102 2059 partem
1114 1980 1304 2042 colonorum
1313 1981 1381 2041 sine
1390 1999 1481 2041 mora

213 2103 279 2164 quo
294 2084 479 2146 iusserimus
492 2085 614 2146 maiore
636 2103 701 2166 quo
715 2083 859 2166 poteritis
880 2103 1016 2145 numero
1029 2097 1060 2146 et
1071 2104 1130 2166 pro
1143 2085 1244 2168 patrie
1257 2099 1288 2148 et
1299 2105 1358 2168 pro
1379 2085 1481 2168 capite

213 2203 318 2251 vestro
341 2190 463 2252 tuendo
494 2191 620 2252 mittere
652 2191 788 2272 possitis.
823 2189 923 2252 Secus
958 2191 1017 2251 sub
1053 2191 1144 2273 penis
1179 2191 1355 2274 prenotatis
1388 2204 1419 2252 et
1451 2191 1482 2252 in

213 2310 370 2377 quantum
394 2298 539 2380 patriam,
564 2297 729 2378 vitamque
753 2311 889 2358 vestram
914 2315 950 2357 ac
967 2309 1145 2358 vestrorum
1170 2297 1303 2379 diligitis
1327 2295 1430 2358 lacere
1448 2297 1481 2358 in

213 2402 375 2484 premissis
408 2423 473 2465 non
506 2403 741 2484 presummatis.
779 2402 896 2463 Datum
920 2400 1010 2463 Bude
1046 2404 1179 2465 sabbato
1215 2403 1363 2485 proximo
1398 2415 1471 2464 ante

214 2505 330 2568 festum
356 2509 439 2570 beati
465 2507 551 2570 Galli
577 2507 777 2570 confessoris.
805 2509 902 2568 Anno
928 2505 1051 2567 domini
1084 2508 1258 2570 millesimo
1291 2507 1481 2589 quingente-

213 2613 296 2674 simo
320 2613 478 2695 vigesimo
502 2626 628 2695 quart0.
1385 2682 1388 2686 ,

320 2716 351 2784 (A
369 2721 475 2784 tergo.)
497 2717 753 2782 Honorabilibus
778 2721 919 2801 capitulo
936 2721 1070 2783 ecclesie
1086 2720 1313 2802 zagrabiensis,
1330 2718 1481 2780 fidelibus

214 2825 309 2886 nobis
333 2824 467 2887 dilectis.

253 2986 258 2995 ·
321 2964 457 3031 Originale
476 2965 501 3016 in
521 2966 618 3030 charta,
638 2981 653 3016 a
672 2971 750 3032 tergo
769 2966 912 3032 vestigium
932 2967 1022 3032 sigilli.
1036 2966 1063 3018 ln
1077 2964 1173 3036 archiv.
1194 2979 1253 3016 ven.
1274 2963 1360 3029 Cepit.
1374 2965 1481 3030 zngrab.

213 3053 272 3104 Act.
295 3053 358 3118 Cap.
380 3059 432 3108 ant.
451 3054 514 3106 fasc.
537 3057 559 3108 l.
581 3069 618 3112 nr.
640 3055 681 3107 21.

799 3231 885 3297 194.

320 3399 394 3450 Anno
417 3399 490 3452 1525.
513 3399 552 3452 12.
569 3396 691 3465 januarii.
711 3399 808 3450 Badae.

213 3545 379 3602 Ladauicus
401 3545 456 3620 JJ,
481 3545 583 3618 Hung.
607 3553 656 3605 etc.
680 3564 743 3614 rex,
757 3551 913 3618 postquam
937 3539 1073 3600 Alexium
1103 3543 1198 3600 ilario
1231 3541 1396 3598 nominavit
1429 3541 1484 3598 iri-

215 3653 421 3726 cesimatarem,
440 3651 590 3724 praecipit
610 3651 718 3709 civibus
749 3649 993 3725 aagrabiensibus,
1020 3658 1053 3707 ut
1071 3651 1099 3707 ei
1119 3650 1199 3706 omni
1218 3648 1334 3706 consilia
1356 3647 1483 3704 auxilio·

758 3775 813 3831 quc
836 3756 944 3817 adsint.

871 3893 1032 3945 commissio
1052 3893 1161 3958 propria
1180 3893 1278 3944 domini
1298 3890 1377 3957 regis.

325 3985 511 4048 Ludouicus
535 3986 585 4047 dei
609 3985 714 4068 gracia
739 4004 792 4046 rex
811 3983 976 4066 Hungarie
1001 3997 1031 4044 et
1055 3981 1211 4044 bohemie
1235 3995 1293 4044 etc.
1318 3980 1484 4042 Fidelibus

216 4092 334 4153 nostris
358 4092 568 4173 prudentibus
593 4105 623 4154 et
647 4091 884 4172 circumspectis
907 4089 1005 4169 judici
1030 4100 1061 4149 et
1084 4087 1194 4168 juratis
1218 4088 1340 4150 civibus
1364 4107 1399 4148 ac
1423 4086 1482 4148 toti

217 4197 443 4260 communitati
468 4199 587 4260 civium
612 4197 746 4259 civitatis
770 4179 994 4278 Zagrabiensis
1018 4194 1154 4256 salutem
1178 4207 1207 4255 et
1230 4194 1381 4275 graciam.
1413 4193 1479 4254 Sci·

216 4305 277 4365 atis
301 4323 360 4364 nos
383 4302 526 4365 officium
550 4303 801 4366 thezaurariatus
825 4301 923 4364 nostri
949 4320 1022 4362 curn
1046 4301 1198 4362 omnibus
1217 4299 1427 4382 proventibus
1451 4311 1482 4360 et

217 4408 333 4471 officiis
356 4409 396 4470 ad
422 4411 526 4492 ipsum
555 4409 698 4471 officium
730 4409 982 4470 thezaurariatus
1006 4407 1240 4489 pertinentibus
1263 4404 1350 4466 fideli
1374 4419 1484 4466 nostro

217 4516 371 4596 magistro
395 4515 509 4577 Alexio
534 4515 677 4576 Thwrzo
702 4515 740 4575 de
766 4512 1008 4576 Bethlenffalwa
1025 4511 1284 4573 thavernicorum
1301 4524 1483 4572 nostrorum

217 4621 375 4702 regalium
401 4621 552 4702 magistro
577 4620 782 4697 contullisse;
805 4620 989 4700 scripsimus
1013 4619 1121 4698 itaque
1139 4631 1168 4678 et
1189 4617 1413 4678 mandavimus
1430 4637 1486 4698 per

218 4728 296 4789 alias
321 4727 440 4788 litteras
464 4740 586 4788 nostras
611 4726 895 4788 tricesimatoribus
927 4725 1017 4786 istius
1047 4723 1206 4785 tricesima
1238 4736 1345 4784 nostre
1377 4743 1485 4803 zagra-

220 4833 349 4910 biensis,
374 4844 408 4892 ut
431 4833 548 4912 statim,
566 4832 641 4893 visis
665 4832 736 4893 aliis
749 4831 861 4892 litteris
878 4831 1005 4909 nostris,
1022 4829 1217 4891 tricesimam
1234 4828 1325 4889 istam
1343 4842 1484 4889 nostram

219 4939 460 5020 zagrabiensem
485 4937 525 4999 ad
549 4957 664 4999 manus
688 4936 828 4999 bominis
853 4937 927 4998 dicti
952 4935 1143 4998 thezaurarii
1164 4934 1261 4996 nostri
1283 4935 1484 5016 presencium

220 5045 340 5106 scilicet
363 5045 536 5106 ostensoris
557 5044 720 5126 resignare
745 5043 893 5106 debeant.
928 5043 992 5117 Qui
1018 5043 1043 5104 si
1068 5041 1227 5124 mandatis
1256 5041 1371 5101 nostris
1396 5040 1485 5102 illico

1368 5143 1382 5170 1
