3732 5802
382 519 423 600 96
803 517 876 578 Doc.
900 511 952 591 89.
978 548 1018 560 -
1049 516 1106 574 An.
1132 527 1217 591 1511.

382 747 495 808 naliter
526 765 633 808 coram
657 744 750 806 nobis
773 743 958 822 astantibus,
982 743 1193 825 prudentibus
1216 756 1247 806 et
1270 743 1506 824 circumspectis
1535 741 1641 803 Felice

382 852 486 934 judice
522 871 558 913 ac
589 850 744 912 Michaele
776 847 977 932 Oprasnycb,
1009 849 1087 911 alias
1122 849 1267 910 similiter
1298 847 1414 930 judice,
1447 869 1532 910 nunc
1565 868 1641 910 vero

381 959 518 1036 seniore,
549 969 580 1019 et
610 956 710 1018 altero
743 954 900 1018 Michaele
932 953 1036 1036 jurato
1068 955 1136 1017 cive
1160 968 1191 1018 et
1215 955 1340 1017 notario
1364 953 1500 1016 civitatis
1523 955 1642 1017 montis

382 1064 550 1127 Grecensis
581 1061 666 1146 juxta
698 1062 898 1144 Zagrabiam,
923 1062 978 1142 qui
1010 1061 1157 1124 similiter
1189 1063 1220 1123 in
1254 1079 1366 1124 eorum
1394 1081 1430 1122 ac
1454 1060 1642 1142 juratorum,

381 1184 625 1252 ceterorumque
657 1168 774 1230 civium
808 1181 839 1229 et
870 1167 974 1230 tocius
997 1168 1236 1230 communitatis
1259 1167 1342 1230 dicte
1366 1167 1502 1230 civitatis
1525 1167 1643 1228 montis

382 1276 550 1339 Grecensis
571 1274 715 1358 personis
738 1293 845 1337 coram
869 1274 963 1336 nobis
986 1275 1147 1351 astabant;
1175 1274 1273 1336 iidem
1297 1274 1420 1335 domini
1438 1273 1589 1336 Albertus
1613 1285 1643 1334 et

381 1383 526 1444 Andreas
548 1381 700 1464 prepositi
721 1393 752 1442 et
767 1380 917 1460 magister
933 1380 1081 1442 Matheus
1101 1380 1201 1443 lector
1218 1393 1326 1442 contra
1344 1379 1475 1442 eosdem
1492 1379 1642 1460 judicem,

381 1487 511 1570 juratos,
535 1501 720 1568 ceterosque
753 1487 837 1548 cives
870 1499 901 1548 et
930 1499 1031 1548 totam
1059 1487 1321 1548 communitatem
1346 1499 1485 1568 pretacte
1508 1485 1644 1547 civitatis

381 1595 499 1657 montis
524 1591 692 1656 Grecensis
714 1604 950 1675 proposuerunt
973 1605 1004 1654 et
1027 1593 1193 1674 conquesti
1217 1606 1290 1654 sunt
1313 1612 1352 1654 eo
1376 1591 1489 1653 modo:
1506 1590 1644 1672 qualiter

382 1701 480 1763 iidem
504 1699 609 1781 judex,
629 1699 789 1780 ceterique
814 1698 898 1760 cives
926 1698 1068 1760 eiusdem
1093 1699 1227 1760 civitatis
1251 1698 1370 1761 montis
1390 1696 1559 1760 Grecensis
1582 1697 1644 1758 hiis

382 1807 526 1890 proxime
542 1805 699 1888 preteritis
715 1803 829 1866 diebus
844 1804 926 1866 circa
942 1803 1137 1866 dominicam
1156 1805 1279 1883 Letare,
1291 1805 1436 1886 proxime
1448 1804 1644 1886 preteritam,

381 1913 548 1976 universos
564 1911 730 1992 utriusque
747 1930 839 1972 sexus
855 1910 1002 1972 homines
1014 1923 1080 1972 tam
1096 1911 1128 1972 in
1142 1910 1376 1972 circumvicinis
1388 1909 1645 1994 possessionibus

382 2029 628 2096 commorantes,
653 2036 750 2098 quam
783 2016 884 2078 eciam
916 2029 1093 2096 extraneos,
1117 2016 1172 2098 qui
1204 2016 1354 2078 victualia
1383 2029 1414 2078 et
1437 2015 1516 2078 alias
1539 2015 1645 2077 diver-

382 2144 487 2188 sarum
512 2124 716 2186 materiarum
740 2142 789 2184 res
812 2135 844 2184 et
866 2124 951 2184 bona
974 2142 1011 2184 ac
1034 2123 1228 2184 mercancias
1251 2123 1291 2184 ad
1319 2121 1425 2185 forum
1448 2123 1588 2184 liberum
1612 2121 1644 2183 in

382 2250 454 2293 area
478 2229 644 2312 capitulari
668 2228 842 2310 Zagrabiae
859 2228 1012 2294 existente
1034 2231 1074 2291 ab
1091 2229 1231 2311 antiquis
1247 2229 1456 2312 temporibus,
1473 2229 1564 2290 cuius
1581 2229 1645 2290 iam

382 2336 537 2398 memoria
565 2335 733 2396 hominum
764 2354 830 2396 non
859 2347 987 2414 extaret,
1006 2353 1132 2417 semper
1159 2334 1227 2398 sine
1258 2335 1366 2416 aliqua
1392 2335 1645 2397 contradictione

383 2453 414 2504 et
444 2440 676 2524 impedimento
708 2459 743 2501 ac
775 2439 962 2502 turbacione
994 2439 1125 2523 pacifice
1150 2455 1180 2502 et
1202 2441 1309 2522 quiete
1334 2441 1488 2504 celebrari
1511 2441 1645 2502 solitum

383 2547 579 2627 deserebant,
603 2547 643 2608 de
675 2546 735 2608 viis
765 2545 874 2608 liberis
902 2559 932 2608 et
954 2547 1092 2629 publicis
1112 2560 1217 2630 preter
1240 2567 1371 2610 omnem
1395 2547 1480 2610 viam
1503 2547 1581 2630 juris
1605 2547 1646 2608 ad

382 2655 500 2716 dictam
532 2653 692 2714 civitatem
724 2653 865 2735 ipsorum
900 2654 1019 2716 montis
1053 2653 1222 2716 Grecensis
1252 2655 1283 2716 vi
1316 2668 1347 2716 et
1377 2653 1645 2738 potentionaliter

385 2759 607 2842 impellissent,
632 2759 752 2820 dictum
786 2760 929 2841 ipsorum
957 2759 1164 2822 dominorum
1189 2761 1411 2843 capitularium
1437 2758 1543 2822 lorum
1568 2760 1647 2821 libe-

382 2885 455 2930 rum
486 2865 526 2926 de
558 2865 625 2947 ipsa
657 2885 729 2927 area
764 2865 929 2946 capitulari
962 2865 1077 2928 aboliri
1108 2879 1286 2948 satagentes
1319 2867 1352 2928 in
1376 2865 1590 2949 preludicium
1615 2879 1647 2928 et

382 2971 558 3053 dampnum
575 2971 675 3053 ipsius
691 2971 821 3053 capituli
838 2984 868 3034 et
883 2985 1023 3054 pretecte
1039 2973 1172 3035 ecclesie
1188 2973 1404 3054 zagrabiensis
1416 2971 1645 3048 manifestum

382 3077 579 3160 requirentes
604 3097 663 3139 nos
699 3078 730 3138 in
762 3097 811 3156 eo,
835 3091 870 3139 ut
901 3077 1022 3140 eisdem
1053 3079 1086 3140 in
1115 3079 1336 3142 testimonium
1360 3093 1392 3142 et
1414 3078 1648 3142 verificacionis

383 3186 614 3247 documentum
649 3185 888 3266 premissorum,
923 3185 1011 3266 quod
1049 3184 1169 3248 scilicet
1204 3185 1324 3247 dictum
1360 3185 1465 3247 forum
1501 3185 1646 3267 ipsorum

382 3291 519 3352 liberum
550 3309 675 3372 semper
708 3305 738 3352 et
769 3292 809 3352 ab
845 3291 985 3372 antiquis
1008 3291 1041 3352 in
1065 3292 1133 3374 ipsa
1157 3311 1229 3354 area
1254 3292 1420 3374 capitulari
1444 3292 1514 3354 sine
1536 3293 1646 3374 aliqua

382 3396 650 3476 contradictione,
681 3397 934 3478 turbacioneque
971 3409 1002 3459 et
1034 3397 1272 3478 inquietacione
1307 3398 1502 3460 celebratum
1533 3399 1645 3478 extitit,

384 3503 504 3564 litteras
527 3515 651 3564 nostras
674 3502 845 3584 superinde
869 3523 927 3585 pro
951 3503 1136 3566 testimonio
1157 3505 1231 3566 dare
1248 3504 1448 3566 deberemus.
1465 3505 1533 3566 Nos
1550 3505 1646 3586 igitur

383 3608 423 3670 ad
447 3608 694 3689 requisicionem
717 3608 860 3690 ipsorum
884 3607 1091 3671 dominorum
1116 3609 1338 3693 capitularium
1360 3611 1500 3672 universi
1519 3611 1644 3674 univer-

383 3715 490 3776 saliter
514 3727 545 3776 et
568 3713 686 3794 singuli
708 3713 911 3794 singulariter
935 3714 1072 3777 latemur
1091 3729 1122 3777 et
1141 3717 1208 3798 pari
1230 3731 1306 3778 voto
1324 3715 1540 3796 testificamur,
1558 3716 1644 3798 quod

383 3839 508 3902 semper
540 3832 570 3880 et
601 3819 640 3880 ab
668 3819 807 3900 antiquis
829 3821 1040 3902 temporibus,
1065 3841 1127 3902 que
1152 3821 1273 3884 scilicet
1296 3823 1451 3885 memoria
1475 3823 1643 3886 hominum

386 3923 657 4008 comprehendere
690 3945 755 3987 non
786 3926 896 4008 possit,
920 3927 953 3988 in
985 3927 1051 4010 ipsa
1084 3947 1156 3990 area
1188 3929 1354 4011 capitulari
1377 3928 1483 3992 forum
1507 3931 1643 3992 liberum

383 4032 530 4093 omnium
553 4051 659 4092 rerum
676 4043 707 4092 et
723 4033 974 4094 mercanciarum
991 4034 1031 4095 ab
1050 4035 1201 4096 omnibus
1217 4035 1438 4098 universaliter
1453 4037 1521 4098 sine
1538 4037 1644 4119 aliqua

384 4137 635 4199 contradictione
665 4149 695 4199 et
719 4137 956 4219 inquietacione
980 4139 1109 4221 pacifice
1134 4141 1329 4204 celebratum
1354 4142 1463 4204 extitit.
1497 4142 1531 4204 ln
1556 4144 1646 4204 cuius

384 4244 428 4305 rei
453 4243 673 4304 testimonium
696 4257 857 4325 presentes
884 4245 1005 4308 litteras
1028 4260 1151 4308 nostras
1174 4248 1233 4309 sub
1258 4247 1364 4329 sigillo
1388 4261 1495 4310 nostre
1519 4249 1647 4312 univer·

383 4349 483 4410 sitatis
515 4363 688 4427 emanatas,
713 4347 835 4431 prelato
867 4351 1007 4432 capitulo
1038 4353 1170 4414 ecclesie
1200 4354 1415 4434 zagrabiensis
1445 4373 1503 4436 pro
1527 4354 1647 4436 jurium

388 4453 531 4515 eiusdem
566 4456 688 4517 cautela
720 4456 870 4520 duximus
893 4458 1124 4522 concedendas.
1149 4460 1268 4522 Datum
1292 4459 1387 4522 Crisii
1412 4460 1553 4543 predicta
1578 4462 1649 4543 ipso

385 4559 437 4620 die
461 4562 721 4641 congregacionis
751 4576 857 4624 nostre
881 4577 1057 4645 prenotate.
1086 4570 1182 4628 Anno
1207 4567 1330 4630 domini
1355 4567 1528 4629 millesimo
1553 4568 1648 4649 quin·

385 4665 562 4743 gentesimo
586 4667 768 4730 undecimo

491 4820 626 4886 originale
640 4825 665 4875 ln
679 4825 776 4879 charta.
798 4827 824 4878 ln
838 4830 955 4894 margine
969 4829 1088 4881 inferiori
1102 4831 1218 4896 sigillum
1232 4834 1305 4898 regni
1320 4831 1463 4885 Slavoniae
1477 4835 1650 4902 (mardurina)

387 4907 551 4972 inpressum.
570 4910 597 4961 lu
617 4915 712 4966 archiv.
733 4929 792 4966 ven.
812 4931 868 4980 cap.
888 4932 959 4982 zagr.
978 4918 1029 4968 Act
1058 4919 1121 4983 Cap.
1141 4927 1192 4972 ant.
1213 4921 1275 4975 lasc.
1298 4923 1338 4975 ll).
1358 4937 1396 4976 ur.
1415 4937 1431 4974 a
1449 4923 1490 4976 72.
