3752 5806
601 559 675 620 Dor.
692 570 740 633 25,
758 553 808 618 26.
825 591 868 602 -
891 557 1053 634 An.1504.
1416 571 1454 632 25

192 663 452 670 ——-——-—.—.--
594 666 666 670 -—-
712 665 793 670 --
832 665 870 668 -
918 663 1016 668 ——-
1195 663 1267 668 ..-
1273 663 1278 667 .
1311 661 1393 668 .—.-
1400 661 1417 666 —
1424 661 1458 668 .—

294 783 353 850 Ego
369 785 486 850 Joanues
504 783 631 850 notarius,
651 785 695 850 qui
714 799 802 850 supra,
821 785 909 836 isteor
927 787 954 836 et
972 781 1146 836 consenciens
1165 783 1233 848 dieo,
1256 785 1327 850 qnod
1346 796 1457 848 presens

187 877 383 937 transumptum
402 876 444 923 est
463 873 496 924 de
514 874 548 938 gl
559 872 736 940 agolitloo
754 871 781 925 in
799 873 907 926 latinum
925 871 1032 934 idioma,
1047 875 1126 936 prout
1145 885 1252 924 sensnm
1271 875 1298 923 et
1316 871 1457 924 verborum

187 961 405 1013 conformitatem
429 975 482 1012 uon
501 959 594 1026 variat,
612 962 767 1013 translatum
792 975 882 1014 eoram
903 975 955 1013 me.
973 959 1169 1012 Testamentum
1189 964 1277 1012 autem
1296 959 1322 1011 iu
1341 961 1457 1024 glego-

188 1050 292 1101 litioo
312 1050 450 1114 seriptum,
470 1055 510 1102 est
534 1065 582 1114 per
600 1051 734 1102 domiuum
753 1048 878 1102 vicarium
898 1047 1099 1115 zagrabiensem
1118 1049 1299 1101 confirmatum
1319 1053 1346 1099 et
1367 1047 1457 1112 sigillo

87 1207 88 1210 Ἴ
188 1138 333 1190 vicariatus
354 1139 396 1188 sui
416 1137 569 1204 sigillatum.

298 1225 413 1280 Summa·
430 1225 552 1292 privileg.
580 1232 723 1282 monaster.
749 1225 944 1282 Remetbeusis.
968 1224 998 1280 ln
1023 1227 1121 1280 archiv.
1141 1225 1223 1280 instit.
1243 1225 1342 1278 Aooad.
1362 1221 1458 1276 Seieut.

189 1313 463 1370 Slavor.merid.1l
485 1317 512 1370 C.
534 1317 574 1371 13.

800 1459 857 1525 25.

298 1600 376 1648 Auno
398 1599 472 1664 1504,
492 1601 516 1652 8.
536 1597 631 1654 martii,
652 1599 811 1665 Zagrebiae.

190 1707 340 1779 lobannis
357 1707 479 1766 Corvini
490 1710 568 1768 ducii
574 1711 664 1785 jussu
681 1711 871 1788 magistratus
891 1711 993 1768 montis
1015 1707 1165 1768 Grecensis
1173 1708 1303 1782 surdum
1319 1707 1460 1782 quendam

456 1816 595 1874 desertum
619 1817 650 1874 in
673 1817 791 1874 ciuitate
814 1816 903 1872 Hans
919 1817 1029 1894 pr'ctori
1049 1815 1122 1871 dono
1144 1813 1204 1875 dat.

299 1938 369 1998 Nos
382 1938 548 2004 Emericus
560 1937 735 2020 Miliulych,
749 1936 833 2000 filius
850 1937 1014 2016 Demetrii,
1028 1935 1134 2018 judex,
1151 1933 1470 2014 JacobuaMichael,

194 2044 368 2128 Georgius,
393 2045 541 2126 Michael,
574 2045 696 2124 Petrus,
722 2045 894 2122 Fabianus,
926 2043 1091 2105 Emericus
1116 2055 1146 2103 et
1174 2041 1335 2122 Georgius
1357 2039 1461 2122 jurati,

194 2151 370 2214 consiliarii
395 2164 432 2212 ot·
450 2150 588 2215 universi
613 2151 698 2212 cives
722 2150 859 2218 civitatis
884 2148 1174 2230 Montisgrecensis.
1193 2145 1349 2210 Memoris
1374 2165 1460 2208 com-

195 2256 389 2318 mendamus
411 2269 522 2318 tenore
546 2257 757 2338 presencium·
772 2254 987 2335 significantes
1011 2253 1128 2335 quibus
1146 2252 1274 2336 expedit
1295 2251 1461 2314 universis.

196 2362 345 2435 Qualiter
369 2382 431 2424 nos
452 2383 489 2424 ex
513 2362 666 2424 mandato
690 2361 814 2424 domini
839 2361 937 2423 nostri
962 2359 1187 2442 graciosiseimi
1208 2371 1240 2420 et
1256 2356 1461 2420 illustrissimi

195 2466 321 2530 domini
346 2467 502 2530 lobannis
533 2468 623 2530 ducis
648 2467 784 2530 Coruini
809 2479 867 2530 etc.
892 2466 1054 2548 quendem
1083 2464 1220 2530 fundum
1244 2465 1404 2526 desertum
1429 2463 1461 2524 in

196 2573 280 2635 dicta
304 2573 434 2635 civitate
458 2575 540 2635 inter
563 2573 678 2635 domos
702 2587 733 2636 et
756 2571 875 2635 fundos
897 2593 915 2634 a
939 2571 1142 2634 meridionali
1167 2569 1385 2652 circumspecti
1403 2568 1461 2630 viri

197 2679 353 2760 Stephani
385 2677 536 2742 aurifabri
570 2700 589 2742 a
620 2679 872 2762 septemtrionali
904 2698 979 2740 vero
1012 2678 1116 2760 plagis
1146 2676 1301 2738 lobannis
1333 2675 1463 2758 pictoris

196 2784 385 2846 concivium
409 2799 602 2864 nostrorum,
615 2786 655 2847 ab
679 2783 826 2846 orientali
851 2803 928 2846 vero
952 2784 1055 2865 platea
1080 2783 1261 2844 communis
1277 2795 1307 2842 et
1323 2781 1363 2842 ab
1380 2780 1462 2842 occi·

197 2889 318 2952 dentali
343 2891 497 2973 partibus,
522 2891 611 2952 locus
635 2909 753 2951 vacuus
788 2889 887 2972 ipsius
912 2889 1047 2951 civitatis
1077 2888 1173 2950 simul
1207 2907 1280 2950 cum
1311 2887 1462 2948 omnibus

197 2997 343 3058 eiusdem
369 2995 460 3058 tundi
485 3017 541 3058 seu
565 2997 627 3058 loci
652 2995 766 3058 deserti
793 2995 994 3074 utilitatibus,
1018 2993 1151 3075 juribus,
1175 2995 1286 3055 usibus
1309 3007 1341 3054 et
1366 2991 1461 3074 perti-

198 3103 322 3165 nenciis
353 3102 510 3164 universis
540 3116 682 3185 pretacto
707 3102 797 3164 Hans
828 3101 941 3183 pictori
967 3115 1079 3182 snper
1104 3101 1267 3162 eumenis
1290 3098 1462 3160 heredibus

197 3209 283 3272 iuxta
321 3208 509 3272 mandatum
544 3208 655 3291 prelati
694 3208 817 3270 domini
854 3207 952 3268 nostri
989 3205 1195 3284 contulimus,
1228 3204 1396 3268 statuimus
1431 3216 1469 3264 et·

198 3314 421 3376 commisimus
444 3315 511 3396 jure
535 3327 691 3398 perpetuo
712 3329 743 3376 et
762 3311 1012 3376 irrevocabiliter
1027 3309 1215 3388 tenendum,
1233 3309 1462 3393 possidendum

197 3421 317 3504 pariter
349 3433 380 3482 et
411 3419 596 3483 habendum
627 3440 663 3482 uc
691 3419 778 3482 iuxta
800 3418 1024 3484 condicionem
1048 3429 1214 3500 prenotate
1241 3413 1400 3498 (civitatis)
1423 3415 1463 3476 ab

198 3527 333 3608 antiquo
357 3525 597 3608 privilegialiter
628 3527 836 3609 approbatam
865 3523 1173 3605 quomodocumque
1195 3521 1332 3584 voluerit
1355 3519 1463 3601 dispo-

199 3633 353 3695 nendum.
378 3631 412 3694 ln
438 3633 528 3694 cuius
548 3633 594 3695 rei
618 3632 818 3710 memoriam,
835 3629 1082 3711 firmitatemque
1099 3642 1286 3712 perpetuam
1303 3639 1463 3710 presentes

201 3738 321 3800 litteras
345 3752 469 3799 nostras
491 3737 598 3819 sigillo
623 3751 732 3800 nostro
756 3735 921 3798 communi
946 3736 1105 3797 autentico
1128 3736 1292 3796 roboratas
1315 3733 1464 3795 duximus

201 3844 432 3906 concedendas.
457 3844 574 3906 Datum
604 3843 681 3906 ieriu
704 3858 789 3906 sexta
814 3843 958 3926 proxima
988 3855 1059 3903 ante
1085 3841 1280 3903 dominicam
1304 3838 1463 3902 Reminis·

202 3971 281 4014 cere.
305 3955 403 4012 Anno
428 3949 552 4014 domini
576 3950 748 4012 millesimo
773 3949 1031 4032 quingentesimo
1055 3961 1179 4029 quarto.

217 4127 262 4177 ''t
307 4055 445 4176 Origgnale
470 4055 495 4106 iu
521 4057 677 4107 membrana.
698 4056 719 4105 Α
743 4059 820 4120 tergo
846 4055 1003 4119 impressum
1029 4051 1155 4118 sigilium.
1176 4050 1204 4104 In
1227 4052 1323 4104 arcbiv.
1343 4048 1388 4102 lib.
1408 4063 1463 4113 reg.

201 4141 273 4180 srvi.
290 4139 399 4191 tagra.

804 4249 866 4316 26:

306 4375 382 4426 Anno
405 4375 480 4440 1504,
500 4375 522 4426 3.
543 4372 645 4439 aprilis.
667 4371 775 4426 Sisciae.

207 4501 377 4577 Gregorius,
404 4501 512 4560 Sisciae
532 4498 689 4576 parochus,
714 4521 733 4558 a
764 4501 862 4558 Paulo
886 4500 987 4557 Kunio‘
1013 4500 1104 4572 exigit
1133 4498 1259 4570 legatum
1282 4517 1301 4553 a
1322 4495 1465 4556 Matltoro

201 4609 349 4679 Bmorrrii,
372 4610 434 4667 cive
454 4608 645 4682 cogrolionsi,
665 4603 888 4680 praebendariis
918 4607 1046 4664 ccclesiae
1067 4605 1241 4662 cathedralis
1264 4611 1292 4663 et
1318 4605 1463 4664 altoristis

502 4714 634 4773 ecclesiae
655 4731 677 4773 s.
693 4713 799 4771 Marci
817 4720 981 4770 testamento
1003 4713 1168 4784 ascriptum.

307 4834 509 4897 Oracionum
541 4833 690 4916 suffragia
723 4834 756 4895 in
789 4833 922 4896 domino
951 4833 1149 4894 devotarum.
1175 4831 1310 4913 Egregie
1335 4831 1466 4893 domine

203 4943 247 5006 mi
269 4961 398 5023 semper
422 4940 625 5022 precolende.
642 4940 776 5002 Noverit
800 4941 912 5001 eadem
937 4939 1066 5020 egregia
1089 4939 1280 5000 Dominacio
1296 4951 1398 4999 vestra
1416 4957 1466 4998 me

202 5048 333 5112 litteras.
353 5046 499 5112 eiusdem
531 5045 723 5110 citatoriales
753 5045 831 5108 mihi
864 5058 1014 5107 sonantes
1038 5063 1162 5106 summa
1187 5064 1260 5106 curn
1285 5043 1466 5106 reverencia
