3752 5806
396 533 439 612 46
838 531 909 591 Doc.
925 545 975 608 45.
996 564 1034 574 —
1054 532 1111 588 Aa.
1131 542 1216 605 1505.

399 763 429 822 b.
453 759 560 842 Egidii
584 758 707 821 abbatis
730 777 788 840 pro
812 755 941 819 florenis
957 756 1191 837 quinquaginta
1208 776 1308 837 usque
1326 757 1568 819 revolucionem
1586 757 1659 818 anni

399 866 524 948 integri,
548 866 580 926 in
614 864 744 925 duobus
774 863 919 924 termniis
951 861 1132 939 solvendis;
1163 881 1222 944 pro
1253 882 1316 943 qua
1348 863 1443 924 missa
1467 874 1662 924 memoratus

399 971 549 1033 dominus
580 968 873 1048 reverendissimus,
905 969 1056 1030 dominus
1087 970 1199 1047 Lucas,
1231 969 1373 1050 prelatus
1403 982 1511 1030 noster
1541 968 1661 1050 gracio-

398 1077 551 1156 sissimus,
562 1075 650 1137 dedit
666 1075 806 1137 decimas
826 1075 991 1156 utriusque
1008 1072 1153 1136 Gradecz
1169 1093 1243 1135 cum
1260 1075 1465 1156 pertinenciis
1481 1087 1512 1136 et
1528 1071 1661 1155 Petryne

399 1184 545 1244 similiter
581 1202 653 1244 curn
685 1181 900 1265 pertinenciis,
925 1193 1054 1261 excepta
1086 1193 1208 1262 quarta,
1241 1199 1304 1261 que
1336 1180 1470 1241 debetur
1500 1179 1661 1262 preposito

401 1288 515 1350 maiori
540 1287 635 1350 huius
666 1287 798 1349 ecclesie
831 1287 863 1348 in
895 1286 1076 1369 prescriptis
1106 1285 1203 1362 locis;
1237 1305 1335 1367 quam
1359 1286 1488 1347 missam
1513 1297 1664 1366 ceperunt

402 1394 588 1455 continuare
612 1392 814 1475 prebendarii
839 1393 890 1454 die
913 1392 1098 1474 prescripto·

507 1515 642 1580 originale
671 1515 697 1566 in
724 1516 823 1569 charta.
851 1514 878 1565 ln
907 1515 1004 1566 archiv.
1025 1529 1083 1565 ven.
1103 1513 1189 1578 Capit.
1208 1516 1314 1578 zagrab.
1342 1515 1398 1566 Act.
1425 1513 1510 1576 Capit.
1529 1517 1581 1564 ant.
1601 1511 1662 1562 fasc.

403 1603 460 1656 101.
480 1617 518 1654 nr.
541 1605 579 1656 10.

1001 1814 1063 1880 45.

506 1976 579 2026 anno
603 1973 677 2036 150⁵,
697 1974 738 2025 20.
759 1973 887 2023 octobris.
908 1971 1064 2036 Zagrabiae.

407 2103 511 2159 Coram
541 2102 714 2175 magistratu
744 2100 871 2157 civitatis
901 2101 1004 2156 montis
1038 2098 1189 2156 Grecensr's
1213 2101 1348 2175 Jaannes
1379 2099 1467 2156 Sr'nck
1498 2106 1527 2156 el
1552 2099 1664 2155 Helena

401 2187 539 2283 S'knbak
561 2213 767 2280 postmortem
790 2205 947 2262 Michaelis
969 2205 1067 2262 Malec
1097 2205 1173 2263 duas
1198 2207 1365 2279 portz'culas
1388 2205 1516 2262 vineales
1539 2212 1665 2278 quantor

717 2321 745 2370 et
765 2312 882 2368 dimedio
900 2313 971 2386 flor.
995 2312 1084 2369 Petro
1106 2312 1194 2369 Ililki
1214 2313 1347 2372 vendunt.

506 2453 572 2513 Nos
586 2451 751 2513 Emericus
762 2449 950 2532 Mykwlyth,
959 2449 1045 2511 filius
1055 2450 1220 2530 Demetrii,
1230 2450 1335 2532 judex,
1344 2452 1492 2530 Michael,
1504 2451 1658 2530 Thomas,

401 2557 601 2636 Valentinus,
623 2557 745 2634 Petrus,
763 2554 911 2634 Michael,
927 2556 1128 2635 Ambrosius,
1146 2556 1327 2638 Stephanus
1344 2571 1375 2619 et
1390 2558 1470 2618 alter
1487 2557 1666 2640 Stephanus

401 2663 506 2746 jurati,
530 2661 703 2724 consiliarii
728 2675 759 2723 et
783 2662 922 2723 universi
948 2662 1033 2723 cives
1049 2662 1185 2724 civitatis
1202 2663 1492 2745 Montisgrecensis.
1512 2664 1665 2724 Memorie

402 2768 666 2831 commendamus
696 2781 807 2828 tenore
842 2767 1042 2848 presencium
1066 2767 1280 2848 significantes
1304 2769 1421 2850 quibus
1445 2768 1574 2850 expedit
1598 2768 1666 2830 uni-

402 2874 510 2952 versis,
536 2873 624 2955 quod
649 2873 697 2934 vir
720 2873 873 2955 providus
899 2873 984 2934 lwan
1005 2886 1093 2934 sutor
1115 2874 1224 2956 Zynek
1250 2873 1353 2935 dictus
1376 2887 1407 2935 et
1428 2874 1546 2936 mulier
1567 2875 1667 2936 Elena

402 2993 524 3057 vocata,
557 2979 665 3040 relicta
697 2977 834 3040 condam
867 2977 986 3039 Mathei
1020 2978 1154 3060 Skrylalr
1179 2979 1408 3059 cognominati,
1440 2979 1479 3040 de
1512 2979 1667 3040 suburbio

403 3105 460 3146 seu
484 3085 555 3146 vico
579 3096 736 3162 sutorum,
761 3085 909 3145 concives
932 3084 1042 3162 nostri,
1067 3097 1252 3146 executores
1279 3104 1356 3146 vero
1378 3104 1433 3145 seu
1457 3084 1666 3146 commissarii

402 3191 582 3254 testamenti
609 3189 746 3251 verbalis
774 3190 911 3252 condam
937 3189 1102 3251 Michaelis
1125 3191 1265 3269 litterati,
1290 3191 1346 3252 filii
1372 3192 1504 3269 Malecz,
1521 3191 1667 3252 similiter

368 3347 370 3350 .
404 3296 444 3357 de
468 3296 539 3356 vico
563 3309 709 3357 sutorum
732 3295 772 3356 ad
797 3309 937 3357 nostram
961 3295 1172 3377 personaliter
1196 3297 1359 3358 venientes
1378 3297 1576 3378 presenciam
1594 3315 1667 3356 con·

404 3401 477 3462 fessi
502 3413 575 3461 sunt
599 3402 631 3461 in
655 3401 740 3463 hunc
766 3401 918 3462 modum:
944 3415 978 3462 ut
994 3402 1053 3483 ipsi
1071 3402 1227 3482 quasdam
1245 3403 1324 3464 duas
1339 3404 1511 3485 particulas
1529 3402 1668 3463 vineales

404 3507 553 3584 desertas,
585 3507 647 3567 iarn
682 3507 714 3568 in
750 3527 846 3568 unam
880 3507 1007 3568 vineam
1040 3507 1192 3588 redactas,
1217 3529 1247 3570 rn
1282 3509 1440 3571 territorio
1472 3522 1582 3570 nostro
1614 3527 1667 3569 seu

405 3613 539 3674 civitatis
570 3611 691 3694 prefate
727 3614 767 3673 ab
800 3613 922 3673 oriente
955 3613 1036 3674 inter
1067 3613 1152 3674 viam
1182 3633 1387 3676 communem
1421 3635 1438 3675 a
1471 3628 1560 3696 parte
1595 3633 1667 3674 vero

405 3718 608 3780 meridionali
642 3730 730 3778 ortus
768 3730 799 3778 et
831 3718 924 3779 vinea
955 3717 1075 3800 prefate
1108 3719 1206 3781 Elene
1231 3720 1385 3798 mulieris,
1409 3722 1449 3781 ab
1477 3720 1666 3781 occidentali

405 3837 436 3884 et
463 3823 715 3905 septemtrionali
749 3842 785 3882 ex
821 3837 953 3904 utraque
986 3837 1075 3904 parte
1108 3825 1200 3886 vinee
1232 3825 1314 3886 Petri
1352 3825 1558 3907 Bankovvych
1595 3825 1667 3886 dicti

406 3930 444 3990 de
477 3929 636 4010 Pobresya
670 3927 794 3990 habitas
829 3943 859 3989 et
898 3930 1076 4009 existentes,
1098 3949 1201 4012 rpsum
1240 3931 1360 3992 scilicet
1383 3931 1520 3992 condam
1546 3932 1666 3992 Malecz

405 4048 546 4094 sutorem
569 4033 685 4115 partim
710 4053 726 4094 a
751 4033 888 4094 condam
913 4036 1142 4114 cognominato
1159 4037 1277 4114 Kolrot,
1297 4037 1473 4118 empcionis
1488 4037 1586 4098 titulo
1603 4038 1667 4098 lite-

406 4139 520 4200 ratorie
544 4152 801 4218 concernentem,
822 4139 993 4221 ipsumque
1018 4141 1155 4202 condam
1181 4141 1372 4203 Michaelem
1396 4143 1583 4222 litteratum,
1600 4155 1669 4225 post

406 4257 543 4305 mortem
576 4243 690 4326 prefati
723 4244 856 4323 Malecz,
881 4247 980 4327 patris
1012 4247 1071 4325 sui,
1097 4247 1164 4324 jure
1196 4248 1391 4309 successorio
1424 4262 1454 4308 et
1478 4248 1669 4310 hereditario

407 4363 662 4428 concernentem,
687 4350 783 4411 simul
815 4369 889 4412 cunt
921 4353 1072 4414 omnibus
1103 4353 1246 4414 eiusdem
1278 4355 1384 4415 totalis
1415 4355 1507 4416 vinee
1538 4354 1614 4434 jam,
1638 4367 1671 4415 ut

407 4457 608 4538 premittitur,
623 4458 655 4518 in
674 4477 775 4518 unum
792 4459 917 4519 redacte
936 4459 1135 4538 utilitatibus,
1152 4459 1286 4540 juribus,
1304 4461 1424 4540 usibus,
1438 4461 1670 4542 integritatibus

409 4577 439 4622 et
463 4563 668 4642 pertinenciis
699 4564 865 4642 universis,
885 4565 952 4625 viro
975 4565 1122 4627 similiter
1142 4567 1278 4648 provido
1303 4567 1396 4627 Petro
1422 4567 1550 4648 llychky
1575 4567 1670 4642 dictu,

406 4688 441 4728 ac
474 4686 530 4749 per
561 4688 634 4729 eum
666 4669 732 4730 suis
763 4670 935 4732 heredibus
970 4691 1027 4752 pro
1059 4685 1198 4752 quatuor
1231 4692 1302 4732 curn
1331 4672 1439 4733 medio
1465 4673 1594 4733 florenis
1617 4691 1671 4753 per

406 4773 544 4834 eundem
569 4775 698 4835 Petrum
723 4776 864 4858 llychlry,
888 4790 982 4858 prout
1006 4777 1066 4858 ipsi
1091 4791 1275 4839 executores
1291 4779 1386 4839 nobis
1402 4779 1589 4858 retulerunt,
1608 4777 1668 4859 jam

407 4879 500 4960 plene
527 4879 607 4939 datis
630 4895 660 4940 et
685 4882 864 4962 persolutis,
883 4902 938 4962 per
958 4883 1087 4944 eosdem
1106 4897 1289 4944 executores
1307 4883 1391 4962 juxta
1410 4884 1668 4945 commissionem

407 4983 520 5066 prefati
551 4987 709 5046 testatoris
740 5007 798 5067 pro
831 4989 937 5048 anima
971 5007 1025 5048 sua
1055 5001 1085 5048 et
1109 4988 1149 5048 ad
1173 4989 1234 5050 alia
1259 4989 1309 5070 pia
1335 5009 1431 5070 opera
1456 4989 1606 5050 videlicet
1630 4989 1667 5050 ad
