3732 5802
382 533 440 592 ¹40
799 517 872 578 Dor.
898 529 960 594 117.
986 555 1026 562 -
1051 521 1108 580 An.
1133 533 1216 596 1515.

377 757 531 806 secretum
565 745 706 826 sigillum
740 759 894 824 nostrum,
919 767 984 828 quo
1016 759 1050 808 ut
1080 767 1132 808 rex
1159 747 1323 828 Hungarie
1357 747 1488 824 utimur,
1512 760 1559 808 est
1586 767 1639 828 ap-

377 870 523 932 pensum,
559 852 668 932 vigore
705 867 735 912 et
769 853 955 914 testimonio
990 853 1153 914 literarum
1188 853 1360 915 mediante.
1394 853 1512 914 Datum
1550 852 1641 914 Bude

378 955 455 1020 feria
479 958 574 1020 tercia
599 958 742 1039 proxima
771 971 842 1040 post
865 957 980 1020 festum
1005 959 1229 1041 concepcionis
1252 961 1343 1020 beate
1370 959 1470 1020 Marte
1496 958 1640 1038 virginis.

379 1065 474 1124 Anno
505 1063 628 1126 domini
661 1064 833 1126 millesimo
864 1065 1123 1146 quingentesimo
1152 1065 1266 1146 quinto
1290 1064 1427 1126 decimo.
1455 1065 1640 1144 Regnorum

379 1183 559 1232 nostrorum
582 1171 746 1250 Hungarie
767 1185 815 1231 etc
842 1189 927 1232 anno
949 1171 1103 1251 vigesimo
1121 1185 1220 1250 sexto,
1238 1169 1392 1233 Bohemie
1411 1191 1487 1232 vero
1505 1170 1642 1252 quadra·

378 1274 501 1354 gesimo
525 1289 623 1338 sexto.

778 1365 909 1428 Relacio
933 1365 1125 1427 venerabilis
1149 1364 1288 1446 Philippi
1314 1366 1404 1426 More

818 1454 969 1536 prepositi
994 1455 1157 1536 agriensis,
1181 1453 1338 1514 secretarii
1364 1472 1428 1534 reg.
1455 1450 1641 1512 Maiestatis.

488 1575 623 1641 originale
648 1577 672 1628 in
700 1579 858 1640 membrana,
877 1591 945 1628 zona
970 1577 1072 1628 sericea
1097 1577 1227 1641 dependet
1253 1577 1354 1640 absque
1377 1575 1477 1640 sigillo.
1497 1574 1523 1626 lo
1544 1574 1643 1624 archiv.

380 1676 435 1714 ven.
456 1662 540 1728 Capit.
561 1667 665 1731 zagrab.
684 1666 740 1717 Act.
761 1667 824 1730 Cap.
844 1671 895 1720 ent.
917 1665 979 1717 lasc.
999 1665 1041 1718 79.
1062 1681 1098 1717 nr.
1121 1666 1160 1718 ts.

975 1950 1050 2018 11¹7.

487 2092 559 2142 Anno
581 2091 656 2156 1515,
680 2091 718 2141 ll.
740 2091 896 2144 decembris.
917 2089 1013 2142 Budae.

390 2215 553 2274 Vladislms
581 2220 682 2292 Ilung.
708 2227 755 2276 etc.
780 2239 833 2275 rex
858 2221 983 2292 capitulo
1005 2219 1144 2276 lasrrrcnsr'
1169 2219 1296 2292 mandat,
1321 2226 1354 2274 ut
1378 2218 1546 2274 ‹rlhrrr'slum
1575 2234 1645 2271 τινα(

495 2341 529 2384 ss.
559 2325 713 2382 Trinitatis
735 2327 766 2380 r'n
782 2326 987 2398 possessionem
1010 2325 1128 2394 Mnka,
1152 2323 1235 2381 I’lese
1256 2331 1285 2380 et
1305 2323 1384 2380 Kur'e
1406 2323 1533 2378 r'ndrrrot.

488 2461 684 2523 Wladislaus
707 2464 758 2524 dei
782 2464 887 2545 gracia
912 2483 964 2524 rex
991 2463 1155 2542 Hungarie
1178 2475 1208 2524 et
1230 2461 1384 2524 Bohemie
1401 2473 1460 2522 etc.
1479 2459 1647 2520 Fidelibus

383 2566 497 2626 nostris
529 2567 670 2648 capitulo
702 2570 833 2631 ecclesie
865 2569 1057 2630 chasmensis
1088 2569 1223 2630 salutem
1248 2581 1279 2628 et
1301 2567 1452 2650 graciam.
1477 2565 1564 2627 Cum
1589 2586 1647 2627 nos

383 2670 445 2730 illis
469 2671 606 2752 dacioni,
623 2675 791 2736 tradicioni
816 2689 846 2736 et
866 2675 1115 2736 elemosinarum
1132 2674 1333 2755 ascripcioni,
1350 2693 1429 2754 quas
1447 2671 1647 2733 honorabilis

384 2775 519 2839 Michael
556 2780 720 2859 presbiter,
751 2780 981 2862 prebendarius
1016 2781 1103 2842 chori
1139 2780 1273 2843 ecclesie
1308 2779 1536 2859 zagrabiensis,
1563 2778 1646 2838 tilius

383 2881 532 2945 videlicet
555 2885 673 2946 nobilis
694 2886 831 2947 condam
854 2886 984 2947 domine
1009 2885 1208 2968 Margarethe
1237 2885 1426 2967 Wagyczna
1443 2897 1567 2960 vocate,
1585 2883 1646 2944 filie

382 2988 461 3048 olim
494 2990 677 3068 Katherine,
712 2992 875 3074 Kathycza
907 2992 1001 3068 dicte,
1029 2991 1094 3054 filie
1129 2991 1211 3052 Petri
1245 2991 1285 3053 de
1318 2991 1431 3052 maiori
1466 2990 1584 3067 Mlalva,
1609 2989 1647 3048 de

383 3093 534 3155 totalibus
565 3097 772 3178 porcionibus
803 3098 868 3159 suis
900 3097 1157 3180 possessionariis
1190 3097 1220 3158 in
1252 3095 1509 3178 possessionibus
1533 3093 1646 3155 maiori

385 3199 489 3260 Mlaka
521 3202 672 3282 predicta,
697 3223 754 3264 nec
785 3223 851 3264 non
876 3205 973 3265 Plezo
1006 3217 1037 3265 et
1065 3203 1173 3265 Kooth
1202 3203 1234 3264 in
1259 3201 1490 3285 Rakythovvcz,
1514 3201 1645 3276 vocatis,

383 3304 415 3364 in
450 3307 601 3368 comitatu
633 3310 830 3390 zagrabiensi
863 3310 1080 3388 existentibus,
1104 3309 1230 3387 habitis,
1255 3309 1426 3370 simulcum
1451 3308 1576 3368 cunctis
1598 3327 1647 3368 ea-

382 3410 518 3472 rundem
550 3413 740 3475 utilitatibus
769 3429 800 3476 et
831 3417 1034 3497 pertinenciis
1066 3415 1274 3497 quibuslibet,
1298 3415 1408 3496 vigore
1442 3413 1646 3494 quarundam

383 3515 545 3578 literarum
577 3517 797 3582 fassionalium
828 3522 902 3583 dicti
935 3523 1066 3604 capituli
1098 3521 1323 3602 zagrabiensis,
1348 3539 1406 3602 pro
1438 3539 1493 3580 sue
1518 3539 1555 3580 ac
1580 3537 1647 3600 pre·

383 3620 585 3685 decessorum
606 3645 738 3687 suorum
755 3643 923 3709 parentum
939 3629 1120 3689 animarum
1137 3627 1238 3688 salute
1256 3647 1312 3708 per
1329 3645 1440 3687 causas
1456 3639 1487 3686 et
1505 3625 1647 3685 raciones

384 3727 415 3788 in
450 3728 569 3790 eisdem
605 3731 704 3792 literis
734 3732 959 3816 fassionalibus
987 3733 1192 3816 specificatus,
1216 3751 1269 3794 are
1293 3745 1400 3794 sancte
1424 3745 1456 3792 et
1480 3730 1647 3792 individue

288 3879 296 3892 .
384 3832 551 3895 Trinitatis
575 3836 605 3896 in
627 3837 740 3899 eadem
762 3839 895 3900 ecclesia
916 3840 1115 3920 zagrabiensi
1132 3851 1311 3900 constructe
1328 3851 1359 3899 et
1375 3857 1431 3920 per
1448 3855 1648 3918 consequens

384 3937 564 4001 honorabili
597 3943 749 4023 magistro
782 3944 924 4026 Georgio
959 3946 997 4006 de
1029 3944 1226 4006 Warasdino
1270 3941 1439 4021 modern0,
1465 3941 1644 4023 futurisque

384 4045 558 4106 rectoribus
593 4048 736 4110 eiusdem
769 4069 826 4132 pro
861 4065 1005 4133 tempore
1036 4050 1218 4112 constitutis
1250 4050 1282 4110 in
1315 4061 1506 4131 perpetuum
1542 4048 1649 4110 fecisse

384 4147 569 4230 dinoscitur,
590 4154 699 4233 vigore
723 4157 858 4218 aliarum
883 4158 1047 4219 literarum
1073 4171 1254 4220 nostrarum
1280 4156 1396 4218 exinde
1420 4155 1649 4232 confectarum,

385 4269 526 4317 nostrum
562 4259 686 4340 regium
722 4281 895 4324 consensus
929 4264 1163 4345 prebuerimus,
1197 4276 1367 4344 totumque
1403 4275 1434 4323 et
1470 4281 1570 4323 omne
1603 4261 1649 4340 jus

386 4359 518 4439 regium,
543 4363 567 4423 si
601 4365 688 4445 quod
722 4367 754 4427 in
786 4368 915 4448 prelatis
943 4371 1151 4450 porcionibus
1175 4368 1436 4450 possessionariis
1458 4367 1649 4429 haberemus

386 4463 490 4526 eidem
513 4468 603 4529 altari
627 4491 663 4531 ac
688 4473 862 4534 rectoribus
883 4475 948 4536 suis
966 4495 1024 4557 pro
1041 4487 1187 4557 tempore
1208 4474 1388 4536 constitutis
1408 4474 1649 4548 contulerimus,

386 4567 597 4652 volumusque
622 4578 759 4638 eundem
784 4581 969 4660 magistrum
996 4581 1174 4662 Georgium
1199 4581 1392 4642 modernum
1417 4581 1450 4640 in
1468 4579 1648 4641 dominium

387 4675 570 4736 earumdem
601 4683 790 4759 porcionum
822 4687 1144 4765 possessionariarum
1173 4688 1307 4749 nomine
1338 4685 1415 4768 juris
1447 4687 1550 4747 nostri
1573 4685 1647 4765 regii

388 4774 417 4831 in
451 4776 569 4840 eisdem
601 4782 698 4846 habiti
723 4808 779 4868 per
802 4804 945 4852 nostrum
972 4806 1002 4852 et
1027 4807 1167 4853 vestrum
1193 4791 1342 4854 homines
1365 4791 1523 4872 legittime
1549 4791 1648 4852 facere

388 4877 555 4959 introduci,
580 4907 673 4967 super
697 4912 761 4971 quo
783 4895 927 4957 fidelitati
944 4911 1045 4958 vestre
1071 4899 1184 4960 harum
1202 4899 1281 4959 serie
1300 4897 1431 4958 firmiter
1449 4897 1647 4973 mandamus,

389 4997 542 5064 quatenus
565 5006 702 5056 vestrum
727 4999 857 5064 mittatis
881 5002 1046 5066 hominem
1070 5025 1129 5088 pro
1152 5005 1337 5080 testimonio
1355 5003 1569 5086 fidedignum,
1585 5019 1647 5082 quo
