3900 5804
842 1691 913 1795 A.

241 1933 445 2040 Incipiunt
472 1935 630 2016 statuta
667 1931 830 2038 collegii
868 1933 1109 2016 dominorum
1146 1931 1504 2015 Probandariorum

635 2091 914 2198 aagrabiansis
943 2092 1117 2176 aeclesia.

349 2307 400 2367 Ad
425 2305 554 2368 laudem
579 2319 610 2367 et
632 2306 769 2388 gloriam
801 2320 907 2368 sancte
939 2320 969 2370 et
1000 2305 1167 2368 individue
1199 2305 1377 2384 Trinitatis,
1409 2304 1506 2388 patris

243 2427 274 2475 ct
297 2412 355 2474 filii
379 2426 410 2474 et
446 2413 576 2494 spiritus
609 2413 718 2490 sancti,
755 2413 787 2474 in
822 2412 1045 2494 honoremque
1076 2413 1217 2495 gloriose
1253 2425 1284 2474 et
1318 2412 1504 2473 intemerate

243 2539 368 2602 semper
389 2518 520 2599 virginis
544 2518 654 2597 Marie,
668 2519 777 2580 matris
793 2519 1020 2597 misericordie,
1035 2532 1065 2580 et
1081 2519 1120 2580 ad
1138 2519 1288 2599 suturam,
1304 2530 1505 2600 perpetuam·

244 2645 306 2708 que
330 2625 375 2686 rei
399 2623 600 2687 memoriam.
618 2625 685 2685 Nos
701 2625 874 2706 collegium
896 2623 1162 2686 confraternitatis
1178 2624 1358 2686 beatissime
1375 2623 1507 2705 virginis

245 2731 343 2792 Marie
368 2731 520 2813 predicte,
545 2729 632 2791 chori
650 2731 939 2792 prebendariorum
966 2729 1154 2792 cathedralis
1182 2730 1313 2792 ecclesie
1330 2730 1395 2791 divi
1423 2730 1507 2811 regis

244 2836 398 2920 Stephani
422 2837 647 2918 zagrabiensis,
667 2837 832 2918 cupientes
861 2857 898 2898 ex
916 2837 1025 2898 animo
1042 2835 1191 2898 laudibus
1216 2837 1333 2898 divinis
1356 2835 1505 2918 ampliori

243 2943 377 3006 solercia
400 2942 567 3024 invigilare
592 2956 623 3003 et
646 2955 779 3004 matrem
803 2941 1032 3020 misericordie,
1063 2943 1249 3022 genitricem
1281 2941 1430 3005 videlicet
1453 2941 1505 3002 dei

244 3063 274 3111 et
299 3049 422 3111 domini
446 3048 544 3109 nostri
570 3049 643 3109 lesu
668 3047 797 3125 Christi,
832 3047 919 3131 piam
954 3047 1142 3109 advocatam
1171 3048 1318 3109 omniurn
1341 3060 1410 3110 toto
1434 3047 1505 3108 nisu

244 3155 461 3236 vivaciorique
485 3167 516 3216 et
539 3155 727 3216 accuratiori
751 3153 859 3216 officio
882 3155 1035 3233 venerari,
1075 3168 1232 3235 quatenus
1271 3154 1370 3237 ipsius
1409 3155 1505 3216 inter-

244 3262 388 3324 cessione
412 3260 498 3343 apud
522 3261 660 3322 eundem
684 3260 853 3322 dominum
884 3275 1039 3339 nostrum,
1065 3261 1209 3322 eiusdem
1240 3261 1350 3323 matris
1382 3261 1503 3322 miseri-

245 3368 354 3430 cordie
377 3366 491 3445 lilium,
515 3386 574 3448 pro
606 3365 775 3428 nostriset
798 3367 830 3427 in
862 3367 1177 3446 orationesnostras
1207 3367 1506 3429 commendatorum

244 3473 383 3536 reatibus
419 3471 694 3554 quemadmodum
726 3473 965 3551 desideramus,
1001 3472 1126 3534 facilius
1157 3473 1297 3554 graciam
1329 3474 1446 3556 pariter
1475 3487 1506 3534 et

244 3579 498 3642 misericordiam
523 3579 648 3660 assequi
666 3591 850 3642 'mereamur
873 3595 969 3661 atque
993 3579 1167 3643 valeamus.
1180 3579 1284 3663 ipsam
1299 3579 1505 3642 confraterni-

244 3700 342 3749 tatem
377 3698 529 3764 nostram,
561 3706 623 3768 que
656 3706 673 3748 a
703 3687 813 3748 multis
846 3699 1029 3768 temporum
1065 3686 1239 3765 curriculis,
1274 3699 1341 3748 tum
1376 3698 1507 3769 propter

245 3793 412 3876 penuriam
438 3792 700 3871 necessariorum,
724 3806 858 3874 tumque
889 3793 931 3854 ob
956 3793 1034 3854 alias
1065 3792 1205 3854 diversas
1236 3811 1345 3854 causas
1377 3793 1505 3870 latebat,

245 3913 276 3962 et
299 3913 334 3962 ut
357 3899 425 3982 (ita)
450 3899 594 3960 dicamus
628 3899 687 3960 sub
712 3898 823 3960 modio
846 3898 935 3960 velut
966 3898 1096 3960 lucerna
1126 3898 1313 3960 abscondita
1344 3899 1505 3977 manebat,

246 4006 277 4066 in
301 4003 469 4086 publicum
492 4016 523 4065 et
543 4023 637 4086 super
661 4003 888 4065 candelabrum
913 4002 1065 4085 proferre,
1089 4023 1208 4086 ponere
1232 4017 1263 4065 et
1286 4004 1424 4066 exaltare
1449 4004 1503 4066 de·

245 4111 430 4188 siderantes,
455 4123 489 4171 ut
512 4111 663 4172 omnibus
687 4109 805 4171 almam
829 4109 895 4171 divi
919 4111 1002 4191 regis
1035 4109 1186 4192 Stephani
1212 4111 1376 4172 basilicam
1401 4112 1505 4193 ingre-

246 4217 409 4278 dientibus
432 4216 545 4295 luceat,
567 4216 807 4277 incitamentum
833 4230 864 4277 et
888 4217 1049 4298 exemplar
1065 4229 1170 4278 sancte
1188 4216 1368 4278 devotionis
1384 4218 1506 4297 existat,

245 4342 407 4404 operaque
432 4335 538 4383 nostra
560 4323 644 4383 bona
675 4323 780 4404 palam
805 4322 973 4384 videantur
997 4323 1036 4384 ab
1068 4323 1229 4401 omnibus,
1263 4323 1379 4404 quibus
1411 4324 1505 4386 ceteri

245 4429 368 4490 accensi
403 4427 566 4490 ardentius
601 4448 667 4490 sese
705 4428 888 4511 mancipent
929 4429 1025 4490 sacris
1067 4429 1215 4490 misteriis
1252 4442 1283 4491 et
1327 4428 1507 4511 glorificent

246 4535 343 4596 deum
367 4547 491 4616 patrem
516 4534 717 4614 altissimum,
742 4535 797 4615 qui
822 4547 867 4596 est
898 4535 929 4596 in
954 4535 1040 4597 celis.
1073 4535 1178 4609 Quam
1214 4534 1505 4598 confraternitatem

246 4640 374 4722 collegii
398 4640 498 4702 nostri
522 4642 580 4702 sub
605 4641 747 4720 nomine,
764 4640 923 4702 vocabulo
941 4653 971 4702 et
987 4640 1086 4703 tutela
1103 4640 1255 4702 advocate
1273 4655 1379 4703 nostre
1396 4643 1506 4704 matris

246 4745 345 4807 Maria
381 4745 550 4824 antedicte,
585 4746 725 4807 dicantes
760 4759 791 4808 et
823 4745 1034 4826 instituentes,
1069 4766 1253 4828 nomenque
1297 4767 1362 4829 quo
1397 4768 1433 4809 ea
1465 4749 1504 4808 ab

246 4851 397 4912 omnibus
420 4870 546 4932 semper
569 4863 600 4912 et
623 4851 656 4912 in
681 4871 776 4913 evum
801 4853 909 4914 vocari
933 4865 964 4914 et
998 4853 1152 4935 appellari
1177 4853 1301 4931 debeat,
1333 4851 1505 4915 confrater-

246 4957 378 5018 nitatem
409 4976 467 5018 seu
502 4955 719 5019 Calendinum
755 4959 863 5019 matris
899 4959 1010 5037 Marie,
1047 4959 1178 5039 virginis
1212 4959 1363 5042 gloriose,
1400 4958 1505 5019 eidem

246 5063 458 5144 imponentes,
492 5076 523 5125 et
546 5076 581 5124 ut
602 5077 709 5126 autem
733 5085 780 5144 ea,
804 5084 867 5146 que
898 5065 1148 5147 promotionem,
1176 5067 1451 5128 continuationem
1476 5077 1507 5126 et

1383 5172 1400 5211 a
