3752 5806
687 537 761 594 Doc.
780 551 832 613 42.
850 569 890 578 -
918 539 975 594 An.
994 545 1082 611 1505.
1465 556 1506 617 43

239 761 298 823 sed
323 762 555 824 contumaciter
587 775 642 824 aut
665 762 728 824 alia
760 781 966 844 quacumque
990 763 1158 826 occasione
1182 762 1324 844 invento,
1349 763 1382 826 id
1406 763 1509 852 lacere

240 882 405 948 renuente,
431 869 517 930 idem
549 883 655 930 custos
689 888 746 951 per
780 889 815 930 se
846 869 897 930 vel
931 869 1031 930 alium
1063 867 1207 932 officium
1240 871 1345 952 ipsum
1374 873 1508 934 omnino

239 976 396 1054 absolvat,
426 975 458 1036 in
490 976 635 1057 proxima
667 989 774 1036 tamen
799 974 957 1038 divisione
990 989 1161 1038 contumax
1185 977 1228 1036 sic
1257 976 1445 1039 manifestus
1467 977 1508 1040 ad

242 1081 500 1142 insinuationem
516 1081 661 1142 similiter
680 1081 779 1163 ipsius
795 1080 946 1160 custodis,
965 1101 1030 1143 uno
1055 1081 1178 1144 floreno
1197 1083 1354 1144 irremisse
1376 1082 1508 1144 mulcte-

240 1201 300 1248 tur.
334 1187 401 1260 Qui
435 1206 510 1248 vero
546 1187 578 1248 in
612 1202 707 1248 cantu
739 1188 855 1269 ipsius.
875 1187 969 1249 misse
1005 1187 1153 1266 defuerit,
1178 1189 1288 1249 decem
1321 1187 1442 1267 solidis,
1467 1189 1507 1250 ad

240 1292 437 1355 relacionem
471 1293 623 1372 custodis,
658 1294 747 1355 nulla
782 1293 950 1355 occasione
983 1295 1016 1354 in
1051 1294 1112 1356 hoc
1143 1293 1203 1356 sibi
1240 1294 1442 1375 suffragente,
1477 1295 1508 1356 in

239 1399 386 1480 proxima
410 1399 555 1461 similiter
579 1400 736 1461 divisione
760 1401 912 1481 privetur.
934 1400 1000 1461 Has
1022 1414 1129 1462 autem
1152 1401 1374 1484 privacionum
1399 1420 1508 1483 penas,

240 1504 365 1566 custodi
391 1505 473 1588 (pro)
497 1519 642 1588 ternpore
667 1507 850 1584 constituto,
875 1509 917 1567 ob
941 1507 1203 1585 sollicitudinem,
1228 1526 1325 1588 quam
1351 1507 1382 1568 in
1401 1527 1508 1589 perac-

241 1611 334 1672 cione
362 1611 463 1692 ipsius
486 1612 579 1672 misse
613 1632 668 1694 pre
693 1613 804 1674 ceteris
833 1613 949 1674 habere
974 1613 1144 1691 tenebitur,
1169 1633 1241 1674 cum
1266 1613 1352 1674 racio
1376 1613 1509 1674 canonis

241 1717 356 1778 dictat:
384 1717 478 1796 Eum,
496 1719 551 1800 qui
575 1719 670 1780 sentit
693 1738 786 1797 onus,
803 1719 919 1780 sentire
937 1719 1052 1780 debere
1070 1733 1100 1780 et
1117 1719 1338 1797 commodum,
1356 1720 1387 1779 in
1404 1731 1508 1780 totum

241 1823 355 1884 cedere
389 1825 550 1903 volumus,
575 1825 633 1886 hac
666 1837 774 1887 tamen
810 1825 1012 1904 condicione,
1049 1837 1083 1887 ut
1115 1825 1257 1887 defectus
1292 1844 1404 1886 omnes
1435 1825 1506 1904 qui-

242 1949 381 2010 cumque
415 1931 569 2010 venerint,
593 1932 742 2014 supplere
771 1951 826 2014 per
849 1951 882 1992 se
906 1932 957 1993 vel
982 1951 1037 2012 per
1060 1932 1160 1994 alium
1184 1945 1339 1994 teneatur.
1366 1932 1405 1992 Et
1428 1949 1508 2011 quo-

243 2035 329 2096 niam
355 2049 467 2097 natura
491 2037 631 2099 humans
656 2057 755 2099 novas
780 2057 905 2119 semper
929 2038 1145 2120 deproperans
1169 2038 1263 2100 edere
1288 2037 1417 2116 formas,
1439 2037 1509 2099 lites

242 2160 341 2202 novas
380 2143 524 2222 quotidie
557 2144 700 2204 invenire
732 2157 876 2223 conatur,
901 2145 1046 2206 volentes
1077 2143 1267 2205 dissensioni
1300 2142 1404 2204 future
1429 2144 1510 2205 inter

243 2267 300 2309 nos
336 2261 368 2309 et
402 2268 599 2310 successores
634 2263 759 2312 nostros
794 2248 875 2312 forte
914 2252 1088 2331 emergenti
1129 2250 1297 2312 salubriter
1332 2269 1508 2332 occurrere,

243 2353 396 2414 nolumus
421 2355 452 2415 in
475 2355 608 2416 decimis
632 2356 708 2436 ipsis
732 2375 790 2437 pro
813 2357 1047 2418 sustentacione
1074 2370 1103 2418 et
1120 2355 1273 2418 alimonia
1290 2356 1509 2416 ministrorum

247 2460 390 2542 predicte
407 2461 502 2522 misse
526 2461 696 2543 deputatis,
713 2461 900 2544 dupplarios
917 2463 1001 2544 ipsos
1023 2463 1095 2544 plus
1122 2463 1197 2524 iuris
1215 2481 1311 2542 quarn
1329 2460 1508 2542 simplicem

247 2586 411 2648 quemque
443 2569 634 2628 canonicum
668 2567 736 2630 ullo
763 2588 905 2648 unquam
929 2581 1074 2652 tempore
1099 2568 1227 2647 habere,
1251 2583 1305 2628 aut
1329 2567 1430 2628 eciam
1454 2565 1509 2627 ha·

244 2673 368 2734 bituros
391 2694 424 2734 se
449 2675 682 2755 quoquomodo
708 2688 872 2736 attentare.
898 2675 948 2735 Ad
972 2695 1034 2755 que
1059 2675 1167 2736 omnia
1193 2688 1223 2735 et
1247 2673 1383 2755 singula,
1407 2673 1450 2734 sic
1476 2685 1510 2732 ut

245 2781 435 2860 premissum
461 2795 516 2859 est,
534 2780 666 2842 firmiter
682 2795 713 2843 et
730 2782 916 2843 inconcusse
934 2781 1144 2861 observanda,
1162 2799 1231 2860 nos,
1248 2799 1509 2859 successoresque

245 2899 381 2964 nostros,
407 2885 526 2967 vigoiis
557 2887 743 2949 testimonio
779 2887 892 2949 harum
925 2887 1101 2949 litterarum
1134 2901 1313 2948 nostrarum
1348 2885 1509 2947 mediante

244 2993 450 3053 astrinximus
482 3005 512 3054 et
535 2993 761 3074 obligavimus,
787 2994 1055 3075 astringimusque
1079 3008 1110 3055 et
1134 2993 1325 3074 obligamus.
1355 2993 1387 3052 ln
1419 2992 1510 3052 cuius

243 3099 286 3159 rei
319 3099 521 3176 memoriam,
545 3098 792 3181 firmitatemque
824 3113 1023 3182 perpetuam,
1048 3112 1208 3181 presentes
1238 3099 1357 3160 litteras
1388 3110 1510 3158 nostras

243 3204 461 3286 privilegiales
492 3204 662 3286 pendentis
694 3220 725 3268 et
754 3207 905 3268 autentici
935 3206 1032 3288 sigilli
1056 3207 1155 3267 nostri
1181 3205 1390 3287 impressione
1414 3203 1509 3264 robo-

244 3323 327 3372 ratas
353 3311 504 3372 duximus
527 3311 759 3373 concedendas.
784 3311 903 3372 Datum
927 3324 1038 3374 octava
1063 3312 1114 3373 die
1139 3312 1257 3374 mensis
1281 3310 1399 3393 aprilis,
1424 3328 1509 3372 anno

246 3417 371 3479 domini
396 3417 570 3479 millesimo
594 3418 852 3499 quingentesimo
876 3417 999 3498 quinto.

351 3541 372 3590 E
392 3555 493 3592 coaevo
513 3545 685 3606 transumpto.
705 3537 736 3590 In
756 3541 845 3592 archiv
864 3541 945 3592 incllt.
965 3541 1063 3592 Accad.
1084 3539 1179 3592 Scietn.
1201 3539 1303 3592 Slavor.
1323 3541 1414 3591 merid.

772 3753 775 3760 ’
844 3788 907 3853 42.

351 3931 426 3982 Anno
448 3931 522 3994 1505,
545 3932 583 3982 17.
600 3929 667 3996 julii.
687 3929 845 3994 Zagrabiae.

251 4041 384 4098 Andreas
414 4041 523 4098 artium
553 4048 581 4097 et
608 4040 780 4097 decretorum
812 4039 871 4098 Dr.
900 4037 1061 4112 parochis:
1093 4038 1229 4096 Sisciensi
1255 4054 1282 4095 ct
1318 4038 1512 4095 Pelleniccnsi

249 4147 376 4215 mandat,
400 4155 433 4202 ut
462 4143 614 4203 nonnullos
639 4147 862 4218 possessionatos
891 4145 1018 4203 homines
1048 4143 1196 4203 districtus
1225 4144 1372 4201 Siscienss's
1387 4151 1512 4216 propter

386 4253 494 4324 legata,
516 4248 634 4324 collegio
658 4251 940 4308 Praebendariorum
963 4248 1122 4329 denegata,
1147 4252 1178 4308 in
1193 4252 1248 4326 jus
1271 4257 1373 4308 vocent.

354 4372 499 4433 Andreas
523 4373 655 4452 arcium,
680 4373 881 4434 decretorum
910 4385 941 4433 et
964 4391 1050 4434 sacre
1074 4371 1237 4453 theologie
1262 4371 1383 4448 doctor,
1408 4369 1509 4430 archi-

248 4477 403 4539 diaconus
438 4478 477 4539 de
512 4478 623 4556 Bexin,
670 4479 843 4540 canonicus
881 4491 911 4539 et
946 4478 1082 4539 vicarius
1118 4478 1249 4540 ecclesie
1285 4473 1523 4558 zagrabiensis.'

249 4583 488 4647 Dileccionibus
510 4585 622 4646 vestris
647 4585 677 4645 in
702 4584 816 4645 virtute
834 4584 980 4645 salutaris
997 4583 1185 4646 obediencie
1202 4597 1233 4644 et
1250 4585 1308 4644 sub
1326 4601 1509 4644 excommu-

249 4691 424 4752 nicacionis
443 4711 524 4772 pena
542 4691 654 4751 harum
672 4691 750 4751 serie
768 4690 998 4751 committimus
1014 4689 1203 4766 firmissime,
1222 4703 1378 4770 quatenus
1395 4688 1510 4749 habitis

249 4797 449 4877 presentibus
486 4795 638 4878 providos
678 4796 781 4857 viros:
820 4796 1019 4858 Demetrium
1066 4795 1299 4877 woyevvodam,
1336 4795 1509 4856 Martinum

250 4900 440 4982 Brsltharych
472 4902 511 4962 de
542 4902 628 4981 Zela,
658 4903 786 4964 Petrum
820 4902 1026 4984 Czsvetnych,
1063 4901 1270 4963 Valentinum
1304 4899 1509 4986 Gerdynych,

249 5006 443 5092 Gregorium
456 5007 701 5090 Pavvokowy'ch,
715 5009 915 5070 Demetrium
933 5007 1138 5092 Gerdynych,
1152 5008 1314 5070 Andream
1328 5004 1509 5089 Hobetych,
