3808 5792
681 507 753 570 Doc.
778 508 851 574 180.
876 546 919 557 -
941 513 997 574 An.
1022 525 1112 591 1523.
1471 536 1533 600 227

269 756 335 818 quo
358 751 393 800 ut
417 757 471 800 rex
494 738 661 821 Hungarie
685 739 805 801 utimur
827 739 1028 822 impendenti
1052 741 1249 804 munitarum
1266 741 1377 824 vigore
1402 757 1432 805 et
1447 745 1533 807 testi·

268 844 379 906 monio
403 843 580 906 litterarum
604 844 777 907 mediante.
802 845 923 907 Datum
947 846 1038 908 Bude
1071 847 1104 908 in
1136 846 1217 910 festo
1248 861 1355 910 sancte
1388 863 1419 912 et
1450 849 1533 912 indi-

268 949 365 1011 vidue
389 949 568 1012 Trinitatis.
593 954 689 1012 Anno
721 950 845 1014 domini
878 951 1052 1014 millesimo
1086 953 1345 1034 quingentesimo
1376 955 1533 1037 vigesimo

267 1056 376 1118 tercio.
402 1056 589 1137 Regnorum
613 1069 795 1118 nostrorum
820 1057 987 1138 Hungarie
1004 1071 1035 1121 et
1052 1057 1206 1121 Bohemie
1231 1073 1289 1122 etc.
1306 1079 1391 1122 anno
1408 1075 1531 1124 octavo.

372 1194 510 1261 originale
528 1197 555 1248 in
575 1199 733 1255 membrana,
753 1211 769 1248 a
787 1211 855 1249 zoua
874 1198 975 1250 sericea
994 1167 1128 1263 appendet
1149 1199 1277 1269 sigillum.
1298 1200 1325 1252 lu
1354 1200 1452 1252 archia.
1473 1217 1523 1252 ven

269 1283 346 1348 Capit
376 1286 482 1348 zagrab.
500 1271 557 1336 A'ct.
578 1285 641 1350 Cap.
659 1291 713 1339 ant.
733 1284 797 1339 lasc.
816 1286 849 1336 67
879 1299 917 1338 nr.
938 1287 979 1339 44.

859 1568 947 1634 180.

371 1725 447 1776 Anno
470 1725 544 1778 1523.
565 1725 588 1776 3.
604 1724 679 1790 junii¹
700 1721 858 1788 Zagrabiae.

273 1853 377 1910 Coram
400 1854 578 1926 magistratu
600 1852 726 1909 civitatis
759 1851 909 1910 Emericus
931 1853 1062 1912 Milulil
1083 1855 1272 1926 possessiones
1294 1851 1439 1928 quasdam
1462 1873 1532 1911 conr·

566 1959 715 2014 munr'talr's
742 1957 848 2016 Marco
879 1958 966 2017 Vulic
988 1954 1012 2016 8
1024 1959 1096 2034 flor.
1122 1960 1228 2019 veridiz.

373 2099 447 2174 Nos¹
464 2096 613 2176 Michael,
637 2096 722 2158 filius
745 2096 913 2176 Anthonii,
936 2097 1043 2178 judex,
1076 2097 1249 2177 lohannes,
1274 2099 1398 2177 Simon,
1430 2097 1529 2161 Geor·

265 2206 348 2286 gius,
373 2204 611 2286 Cristophorus,
636 2202 806 2284 Georgius,
824 2203 979 2285 Philipus,
996 2202 1173 2286 Gregorius
1197 2217 1227 2265 et
1244 2204 1409 2266 Emericus
1426 2202 1531 2285 jurati,

266 2311 439 2372 consiliarii
464 2309 658 2372 et'universi
684 2309 768 2370 cives
792 2309 927 2370 civitatis
953 2309 1243 2391 Montisgrecensis.
1270 2310 1426 2372 Memorie
1443 2330 1530 2372 com·

261 2405 457 2478 'mendamus
480 2427 590 2478 tenore
616 2415 816 2498 presencium
840 2414 1056 2496 significantes
1085 2417 1203 2498 quibua
1219 2415 1348 2498 expedit
1365 2416 1530 2479 universis.

267 2523 365 2596 Quod
389 2521 530 2604 prudens
554 2534 585 2584 et
608 2521 856 2602 circumspectus
887 2521 935 2582 vir
969 2521 1134 2584 Emericus
1166 2522 1323 2584 litteratus
1354 2522 1394 2583 de
1426 2521 1531 2584 Criaio

267 2627 449 2710 Mylrwlych
474 2627 588 2706 dictus,
611 2628 719 2688 senior
742 2626 837 2708 judex
863 2641 893 2688 et
917 2628 1059 2689 concivis
1083 2641 1201 2706 noster,
1225 2627 1266 2689 ad
1292 2629 1443 2689 nostram'
1461 2647 1530 2708 per-

266 2735 417 2797 sonaliter
440 2733 572 2795 veniens
596 2733 792 2814 presenciam
826 2747 939 2815 sponte
971 2747 1002 2794 et
1030 2733 1130 2794 libere
1166 2731 1267 2795 lassus
1301 2747 1347 2794 est
1382 2733 1413 2794 in
1447 2733 1531 2796 hunc

251 2841 417 2903 modum:
443 2855 478 2901 ut
501 2840 569 2922 ipse
594 2838 758 2920 quoddam
784 2858 906 2900 novum
928 2839 1036 2901 locum
1062 2859 1147 2900 nunc
1171 2859 1209 2900 ex
1233 2839 1383 2922 vepribus
1400 2853 1431 2901 et
1451 2839 1531 2900 silva

266 2948 468 3028 extirpatum,
493 2945 556 3026 jam
581 2946 613 3006 in
638 2946 814 3007 sessionem
838 2965 955 3007 novam
980 2965 1037 3027 pro
1062 2946 1226 3007 ereccione
1252 2965 1335 3007 nove
1360 2946 1476 3007 domus
1495 2965 1531 3006 ac
1634 2965 1636 2970 ’

265 3053 402 3114 aliorum
428 3050 628 3113 edificiorum
653 3051 816 3113 redactum
843 3052 875 3112 in
900 3051 1093 3113 Werhowcz
1127 3051 1282 3131 habitum,
1307 3052 1339 3113 in
1368 3052 1529 3114 territorio

266 3171 375 3220 nosne
399 3177 457 3219 seu
491 3157 628 3218 civitatis
651 3149 771 3238 prefate
794 3157 876 3218 inter
897 3157 1069 3237 quamdam
1103 3157 1290 3239 particulam
1315 3170 1397 3219 terre
1421 3171 1452 3220 et
1479 3177 1530 3218 ru-

266 3267 375 3326 betum
399 3261 512 3345 prelati
539 3263 677 3324 Emerici
701 3261 829 3323 litterati
854 3281 871 3323 a
896 3275 984 3344 parte
1009 3262 1226 3340 meridionali,
1259 3263 1313 3324 ubi
1338 3263 1456 3326 ibidem
1483 3264 1530 3324 in-

266 3370 381 3452 cipitur
404 3381 488 3430 meta
513 3388 530 3429 a
552 3367 695 3449 quodam
719 3367 819 3429 fluvio
838 3366 1062 3450 Kwhynschak
1076 3382 1190 3430 vocato
1208 3382 1238 3430 et
1254 3368 1357 3430 tendit
1373 3389 1429 3430 seu
1444 3369 1530 3430 vadit

264 3494 391 3536 sursum
415 3487 446 3535 et
469 3474 614 3556 pervenit
638 3473 678 3534 ad
703 3472 868 3554 quoddam
894 3475 1041 3534 arborem
1074 3493 1229 3553 cerasum,
1254 3473 1370 3535 deinde
1395 3474 1529 3535 ulterius

264 3581 410 3663 pervenit
434 3580 467 3641 in
491 3578 658 3660 quoddam
683 3579 853 3660 antiquum
879 3577 1043 3658 fossatum,
1062 3579 1105 3640 ibi
1123 3593 1169 3640 est
1185 3581 1280 3640 arbor
1297 3580 1405 3660 querci
1430 3579 1529 3660 vulgo

264 3705 346 3766 ezer,
371 3685 487 3747 deinde
512 3685 656 3768 procedit
675 3705 800 3746 sursum
817 3705 873 3768 per
890 3684 1029 3746 eundem
1048 3684 1201 3746 fossatum
1225 3687 1370 3767 pervenit
1386 3685 1424 3747 ad
1445 3686 1530 3748 viam

265 3810 471 3853 communem
497 3811 607 3852 versus
630 3804 752 3872 partem
778 3791 979 3870 orientalem,
1004 3805 1035 3852 et
1058 3810 1115 3873 per
1138 3791 1221 3853 viam
1255 3791 1390 3852 eandem
1422 3792 1530 3854 eundo

264 3897 409 3979 pervenit
431 3898 471 3958 ab
496 3897 563 3978 ipsa
588 3909 676 3978 parte
700 3897 847 3958 orientali
873 3897 905 3958 in
930 3896 1095 3978 quoddam
1120 3896 1220 3958 alium
1253 3895 1406 3958 fossatum
1432 3917 1530 3978 penes

263 4016 378 4064 terram
395 4003 435 4065 'et
458 4004 606 4064 rubetum
632 4002 758 4084 providi
783 4003 842 4063 viri
869 4003 998 4063 Martini
1023 4002 1163 4083 agricole
1187 4001 1280 4064 aliter
1298 4001 1527 4085 Kolarychkyn

264 4108 432 4187 nominati,
456 4108 519 4188 jam
544 4129 561 4170 a
586 4121 673 4189 parte
698 4107 962 4190 septemtrionali,
979 4121 1010 4168 et
1027 4105 1070 4170 ibi
1087 4121 1134 4170 est
1150 4109 1245 4169 arbor
1261 4109 1413 4188 quercina
1430 4108 1528 4189 vulgo

229 4195 232 4202 ⁴
263 4233 335 4275 czer
359 4214 391 4275 in
414 4215 531 4275 vertice
556 4213 701 4275 eiusdem
725 4213 833 4276 fossati
859 4233 951 4275 cruce
976 4215 1110 4295 signata,
1134 4213 1252 4275 deinde
1277 4212 1358 4275 inira
1383 4213 1528 4296 procedit

263 4339 320 4401 per
342 4320 482 4382 eundern
507 4318 672 4400 fossatum,
686 4321 831 4402 pervenit
856 4320 887 4380 in
911 4320 1007 4380 aliam
1029 4321 1176 4381 arborem
1194 4319 1392 4400 quercinam,
1413 4318 1529 4381 deinde

264 4423 345 4486 inira
370 4425 458 4486 vadit
480 4445 591 4487 versus
614 4439 736 4507 partem
761 4425 993 4486 occidentalem
1026 4425 1170 4507 pervenit
1194 4425 1226 4486 in
1258 4425 1353 4487 aliam
1382 4426 1528 4487 arborem

264 4531 363 4611 vulgo
376 4532 500 4612 graber,
518 4529 635 4592 deinde
652 4531 798 4612 pervenit
815 4531 847 4592 in
865 4531 960 4592 aliam
978 4531 1125 4592 arborem
1138 4530 1284 4592 similiter
1301 4531 1400 4611 vulgo
1415 4533 1530 4611 graber

263 4635 385 4697 dictum
410 4649 440 4698 et
464 4655 556 4698 cruce
581 4637 754 4718 signatum,
778 4655 876 4718 penes
908 4637 1028 4698 dictum
1062 4636 1198 4698 fluvium
1232 4635 1449 4720 Kubynachak
1474 4636 1529 4699 ha·

264 4741 378 4818 bitum,
405 4741 522 4803 deinde
547 4743 649 4803 tendit
673 4761 730 4803 seu
750 4742 841 4803 vadit
873 4761 929 4824 per
963 4741 1103 4804 eundem
1138 4741 1274 4803 fluvium
1309 4742 1454 4824 pervenit
1488 4741 1528 4803 ad

263 4847 402 4928 priorem
425 4862 542 4909 metam
563 4850 603 4909 ab
636 4849 702 4929 ipsa
737 4861 825 4930 parte
861 4849 1064 4909 meridionali
1101 4848 1242 4909 habitam
1275 4861 1306 4909 et
1330 4848 1529 4924 existentem,

264 4955 370 5034 ipsum
404 4954 524 5015 scilicet
556 4954 739 5016 Emericum
776 4954 950 5016 litteratum
981 4975 999 5016 a
1032 4955 1169 5016 condam
1206 4954 1342 5034 egregiis
1383 4953 1529 5014 Johanne

1412 5057 1422 5080 .
