3808 5792
413 539 475 582 eoo
831 523 904 579 Doc.
930 523 1001 596 1⁶]-
1026 553 1066 564 -
1096 521 1154 582 Aa.
1181 532 1265 596 1520.

465 628 505 633 -—.
531 629 553 632 —
573 627 1375 634 ——.——-—-—-—-————-—.—-—-——.—
1408 628 1460 633 —-
1482 629 1641 633 -—--——

412 747 633 815 Fabianuma
669 745 793 830 prefato
825 746 962 810 condam
995 746 1133 812 thansa
1166 747 1343 830 empcionis
1373 747 1468 810 titulo
1493 749 1679 814 litteratorie

411 867 668 934 concernentem,
692 866 787 936 prout
810 853 871 920 lroc
895 855 928 916 in
952 854 1091 936 quadam
1116 853 1221 922 littera
1244 869 1352 917 nostra
1378 874 1434 918 seu
1455 855 1590 921 civitatis
1607 876 1678 939 pre·

414 958 487 1038 lete,
511 973 656 1043 tempore
680 959 838 1040 judicatus
866 960 1088 1041 circumspecti
1120 974 1151 1021 et
1182 959 1307 1028 bonesti
1339 961 1398 1034 viri
1430 961 1590 1043 Gregorii,
1622 961 1679 1025 lilii

411 1065 551 1146 Andree,
574 1066 709 1128 senioris
732 1065 846 1146 judicis
870 1079 901 1126 et
925 1065 1066 1127 concivis
1082 1066 1181 1130 nostri
1197 1066 1238 1142 de
1254 1086 1340 1131 anno
1356 1067 1481 1130 domini
1504 1068 1677 1131 millesimo

413 1171 672 1256 quingentesimo
696 1185 821 1250 octavo,
853 1169 931 1232 feria
963 1183 1075 1252 quarta
1107 1171 1140 1234 in
1171 1170 1315 1253 profesto
1345 1173 1514 1246 beatorum
1545 1174 1678 1246 Fabiani

413 1291 444 1338 et
478 1275 656 1340 Sebastiani
692 1277 869 1355 martirum,
906 1276 970 1356 jam
1001 1276 1125 1340 dudum
1161 1277 1330 1358 preteritis,
1363 1298 1423 1361 pro
1457 1291 1546 1361 perte
1581 1280 1680 1362 ipsius

412 1381 550 1448 condam
574 1382 709 1449 Fabiani
734 1383 836 1465 Mylin
861 1383 937 1447 dicti
961 1383 1133 1465 superinde
1158 1381 1303 1446 conlecta
1327 1397 1358 1446 et
1382 1399 1530 1446 emanata
1559 1405 1594 1452 ac
1627 1405 1679 1447 co

412 1508 480 1552 ram
505 1489 599 1554 nobis
622 1489 654 1550 in
678 1489 783 1570 specie
808 1487 947 1550 exhibita
972 1503 1003 1550 et
1027 1489 1243 1552 demonstrata
1267 1488 1329 1551 fide
1364 1509 1510 1572 expresse
1540 1490 1680 1556 vidimus

413 1594 569 1659 contineri
601 1594 738 1673 oculata,
769 1594 866 1656 simul
898 1613 971 1656 cum
1003 1595 1155 1663 omnibus
1188 1595 1334 1658 eiusdem
1365 1596 1446 1658 silve
1479 1597 1679 1676 utilitatibus,

413 1700 546 1782 juribus,
581 1700 702 1778 usibus,
738 1698 1012 1764 fructuositatibus
1043 1715 1074 1763 et
1112 1701 1319 1784 pertinenciis
1353 1702 1510 1775 universis
1544 1702 1680 1785 provido

414 1808 483 1881 viro
509 1807 580 1870 Elie
597 1805 637 1868 de
661 1805 896 1888 Cirquycsthie,
914 1806 960 1868 uti
977 1807 1082 1868 incole
1099 1820 1130 1873 et
1149 1807 1354 1872 inhabitatori
1371 1807 1523 1871 territorii
1546 1809 1680 1871 civitatis

415 1925 533 1993 nostre,
558 1932 594 1976 ac
618 1931 675 1995 per
699 1930 773 1980 curn
798 1912 864 1990 suis
888 1911 1063 1976 heredibus
1086 1932 1145 1994 pro
1169 1912 1300 1978 florenis
1324 1914 1468 2002 quinque
1485 1915 1554 1988 auri
1579 1928 1610 1978 et
1626 1935 1681 1998 per
1734 1956 1738 1963 -

414 2017 572 2102 prelatum
598 2018 703 2082 Elium
726 2018 812 2080 dicto
837 2019 975 2083 condam
1001 2019 1145 2094 Fabiano
1170 2019 1284 2102 Mylin,
1308 2032 1404 2102 prout
1427 2039 1535 2084 coram
1559 2019 1681 2103 prelato

416 2124 573 2187 Michaele
596 2124 702 2206 judice
727 2123 828 2186 lassus
851 2123 921 2203 luit,
946 2125 1010 2188 iam
1034 2125 1095 2186 sibi
1119 2125 1215 2206 plene
1233 2125 1314 2188 datia
1338 2139 1369 2188 et
1385 2126 1556 2208 persolutis
1572 2127 1681 2199 vendi·

415 2230 512 2292 disset
535 2242 567 2292 et
590 2230 788 2310 contulisset,
802 2231 903 2292 immo
926 2230 966 2293 de
991 2249 1149 2293 consensu
1175 2231 1358 2293 vicinorum
1373 2231 1591 2314 predictorum
1608 2252 1682 2294 ven·

417 2331 498 2398 didit
522 2349 553 2399 et
575 2337 711 2399 contulit
728 2355 836 2398 coram
861 2335 956 2398 nobis
979 2335 1047 2418 jure
1071 2349 1227 2419 perpetuo
1252 2349 1283 2398 et
1299 2337 1551 2403 irrevocabiliter
1572 2351 1681 2402 tenen·

415 2441 501 2522 dam,
524 2440 753 2526 possidendam
775 2442 893 2524 pariter
916 2456 946 2505 et
969 2441 1152 2504 habendam
1176 2462 1212 2504 ac
1236 2443 1323 2504 iuxta
1358 2443 1583 2506 condicionem
1608 2445 1681 2506 civi·

415 2549 487 2610 tatis
511 2561 676 2630 prenotate
700 2550 742 2611 ab
766 2549 901 2630 antiquo
925 2547 1167 2630 privilegialiter
1190 2547 1401 2631 approbatam
1425 2550 1681 2632 quomodocum-

417 2673 480 2736 que
504 2654 644 2716 voluerit
667 2653 913 2737 disponendam.
938 2653 1079 2722 nemun
1103 2672 1180 2715 vero
1204 2653 1265 2715 biis
1289 2654 1398 2736 itaque
1422 2654 1539 2717 habitis
1563 2655 1682 2718 ibidem

416 2780 525 2823 coram
549 2759 672 2846 prelato
697 2759 855 2824 Michaele
879 2759 985 2842 judice
1021 2760 1216 2843 supradicto,
1241 2760 1328 2823 idem
1352 2760 1491 2828 condam
1523 2761 1683 2824 Fabianus

418 2865 520 2949 Milyn
544 2879 658 2948 sponte
683 2879 714 2928 et
737 2866 837 2928 libere
861 2865 963 2928 lassus
987 2865 1047 2928 fuit
1068 2867 1101 2928 in
1125 2865 1210 2929 bunc
1233 2866 1388 2929 modum:
1413 2879 1448 2928 ut
1471 2867 1540 2950 ipae
1572 2887 1682 2950 quam·

417 2972 492 3034 dam
516 2973 651 3035 domum
675 2992 766 3034 suam
791 2973 823 3034 in
848 2973 932 3034 dicta
957 2971 1151 3034 Werhowcz
1168 2971 1311 3035 habitam
1337 2973 1434 3035 simul
1461 2993 1536 3035 cum
1553 2971 1684 3035 edificiis

418 3093 449 3142 et
473 3078 574 3142 fundo
598 3099 634 3141 ac
666 3093 737 3142 orto
774 3079 879 3142 eidem
915 3079 1098 3161 subjacente
1132 3080 1213 3142 inter
1248 3081 1376 3142 vineam
1413 3079 1526 3163 prelati
1564 3080 1634 3142 Elie
1666 3101 1684 3142 a

416 3186 668 3268 septemtrionali
691 3198 790 3268 parte,
813 3187 853 3248 ab
877 3185 1069 3261 occidentali
1093 3205 1194 3267 usque
1227 3185 1397 3258 decursum
1428 3206 1512 3268 aque
1534 3186 1684 3270 pluvialis

418 3313 436 3356 a
459 3293 663 3362 meridionali
687 3306 718 3358 et
741 3292 890 3357 orientali
914 3293 1058 3374 partibus
1080 3293 1132 3354 via
1156 3293 1338 3357 communis
1354 3292 1431 3374 ipsis
1451 3293 1685 3356 circumvicinis

419 3398 578 3462 deservire
591 3412 622 3461 et
635 3399 794 3480 pertinere
812 3398 1015 3478 debentibus,
1029 3398 1171 3460 habitam
1185 3411 1216 3460 et
1232 3399 1431 3476 existentem,
1448 3398 1553 3480 ipsum
1566 3399 1685 3462 scilicet

420 3505 600 3578 Fabianum
624 3505 762 3572 condam
786 3526 804 3568 a
828 3506 1059 3588 circumspecto
1084 3519 1115 3566 et
1137 3504 1274 3567 honesto
1298 3505 1368 3566 viro
1402 3503 1561 3586 Gregorio
1593 3505 1683 3588 pelli·

420 3611 490 3691 fice,
515 3611 643 3674 seniore
667 3611 773 3693 judice
798 3625 829 3681 et
860 3611 993 3675 concive
1027 3625 1057 3674 et
1090 3611 1225 3674 domino
1259 3610 1405 3672 Johanne
1437 3611 1617 3692 presbitero
1651 3630 1685 3672 ac

419 3716 593 3789 Dominico
624 3718 770 3780 similiter
795 3718 971 3801 presbitero
996 3716 1221 3788 executoribus
1243 3729 1273 3778 et
1296 3717 1525 3780 commissoriis
1548 3716 1683 3780 condam

419 3823 543 3896 domini
569 3823 722 3906 Stephani
754 3825 893 3888 altariste
917 3844 969 3886 are
1002 3824 1101 3886 sancti
1131 3823 1260 3886 Martini
1292 3823 1324 3886 in
1354 3822 1488 3884 ecclesia
1518 3821 1683 3905 hospitalis

418 3929 516 3997 nostri
541 3931 632 3994 beate
668 3931 767 3993 Marie
802 3930 934 4012 virginis
970 3928 1113 4008 fundate,
1150 3929 1329 4010 empcionis
1364 3928 1459 3992 titulo
1496 3929 1682 3990 litteratorie

420 4050 677 4114 concernentem,
713 4051 809 4119 prout
844 4036 904 4098 hoc
937 4037 969 4097 in
1002 4035 1143 4118 quadam
1178 4035 1283 4097 littera
1318 4049 1425 4119 nostra
1458 4054 1514 4096 seu
1549 4035 1683 4096 civitatis

420 4141 540 4225 prefate
564 4155 709 4224 tempore
734 4142 892 4224 judicatus
923 4141 1143 4224 circumspecti
1167 4154 1198 4203 et
1220 4139 1347 4204 honesti
1370 4141 1430 4203 viri
1461 4141 1602 4203 condam
1633 4141 1684 4202 lo-

420 4249 545 4328 hannis,
568 4247 625 4310 filii
648 4247 815 4327 Anthonii,
847 4248 982 4310 senioris
1014 4247 1129 4330 judicis
1151 4260 1182 4309 et
1217 4247 1358 4309 concivis
1391 4247 1491 4309 nostri
1526 4245 1565 4308 de
1601 4267 1684 4310 anno

420 4355 545 4422 domini
568 4354 743 4418 millesimo
767 4353 1027 4436 quingentesimo
1052 4352 1205 4433 secund0,
1238 4351 1315 4414 feria
1347 4354 1444 4415 tercia
1475 4353 1621 4436 proxima
1654 4354 1684 4415 in

419 4461 500 4524 festo
524 4461 742 4523 conversionis
765 4461 850 4522 beati
873 4459 963 4532 Pauli
987 4460 1124 4542 apostoli
1160 4461 1225 4522 iam
1257 4459 1381 4522 dudum
1416 4459 1585 4542 preteritis,
1624 4480 1681 4542 pro

420 4581 509 4650 parte
532 4566 633 4648 ipsius
656 4565 794 4629 condam
817 4566 951 4628 Fabiani
975 4565 1147 4648 superinde
1180 4563 1324 4628 confecta
1349 4579 1380 4628 et
1403 4577 1550 4628 emanata
1574 4585 1611 4627 ac
1634 4585 1685 4627 co

420 4693 488 4736 ram
512 4672 605 4735 nobis
629 4672 662 4734 in
678 4673 782 4755 specie
799 4672 954 4756 producta
970 4671 1032 4734 fide
1049 4691 1194 4754 expresse
1211 4671 1351 4734 vidimus
1371 4671 1529 4734 contineri
1546 4671 1683 4751 oculata,

335 4821 338 4826 ,
421 4778 517 4840 simul
541 4797 615 4840 curn
637 4779 788 4840 omnibus
812 4778 955 4840 eiusdem
989 4777 1105 4840 domus
1137 4775 1280 4856 edificiis,
1314 4776 1405 4840 fundi
1438 4790 1470 4838 et
1500 4777 1686 4858 cunctisque

422 4883 624 4960 utilitatibus,
649 4883 781 4962 juribus,
814 4884 934 4950 usibus.
967 4883 1204 4964 integritatibus
1237 4898 1267 4945 et
1298 4883 1503 4966 pertinenciis
1531 4883 1687 4946 universis

421 4988 544 5072 prefato
569 4989 639 5050 Elie
670 4989 852 5070 supradicto
888 5009 923 5052 ac
957 5009 1013 5070 per
1048 5009 1121 5050 eum
1158 4989 1224 5051 suis
1257 4989 1430 5052 heredibus
1465 5009 1523 5072 pro
1558 4989 1686 5052 florenis
