3808 5792
621 588 688 643 Dec
717 597 786 662 147,
814 583 942 663 1451-
968 588 1024 644 An.
1052 597 1136 663 1517.
1453 587 1507 666 185

248 814 414 875 cacionem
446 813 562 876 domus
596 812 759 876 edificasse
792 814 1051 896 compromittere
1089 815 1219 894 curavit,
1251 816 1351 878 immo
1386 835 1444 878 nec
1478 837 1511 879 se

247 939 362 982 coram
386 921 480 982 nobis
504 933 722 1002 representare
747 920 903 1001 obligare,
927 940 983 982 cur
1006 922 1046 983 ad
1063 922 1215 1004 premissa
1233 943 1297 984 non
1316 923 1512 1004 obligaretur

247 1027 361 1106 voluit,
384 1029 427 1090 ob
451 1027 511 1089 hoc
536 1047 595 1090 nos
618 1029 724 1090 eidem
750 1027 884 1090 domino
916 1027 1081 1090 Demetrio
1114 1030 1276 1111 preposito
1301 1043 1332 1091 et
1354 1029 1419 1090 suis
1442 1049 1512 1091 suc-

247 1134 425 1196 cessoribus
448 1134 610 1216 perpetuis
633 1133 747 1196 futuris
770 1134 970 1216 temporibus
992 1153 1087 1216 super
1111 1132 1232 1216 prelata
1256 1134 1355 1196 domo
1379 1148 1409 1196 et
1425 1135 1512 1197 curia

247 1260 284 1301 ac
307 1239 400 1302 horto
425 1241 511 1301 iuxta
536 1242 657 1322 priores
681 1241 800 1302 litteras
823 1251 947 1302 nostras
962 1238 1148 1301 laasionales
1165 1241 1378 1322 imposuimus
1401 1260 1512 1323 perpe-

246 1359 339 1407 tuum
364 1346 542 1426 silenclum,
568 1347 737 1429 ipsumque
762 1347 951 1426 magistrum
976 1345 1162 1408 Ladislaum
1191 1359 1221 1408 et
1253 1366 1366 1408 omnes
1389 1345 1513 1409 futuros

247 1451 403 1514 altaristas
426 1452 525 1514 sancti
550 1453 687 1514 Emerici
712 1452 925 1533 relinquimus
938 1453 971 1513 in
984 1451 1114 1534 pacifica
1139 1452 1338 1534 possessione
1356 1453 1438 1514 dicte
1456 1453 1513 1514 do-

248 1577 417 1620 muscum
442 1559 529 1620 curia
553 1572 584 1620 et
606 1559 700 1621 horto
725 1557 812 1621 dicto
836 1559 926 1620 altari
955 1559 1117 1640 acquisitis
1141 1573 1172 1621 et
1203 1559 1328 1640 emptis.
1358 1559 1391 1620 ln
1424 1560 1514 1620 cuius

248 1665 294 1725 rei
318 1665 508 1726 memoriam
534 1679 564 1726 et
584 1665 808 1727 testimonium
832 1664 1080 1746 firmitatemque
1106 1679 1292 1748 perpetuam
1316 1665 1515 1747 presentibus

249 1771 392 1852 sigillum
409 1785 553 1832 nostrum
572 1771 784 1833 auttenticum
803 1771 953 1833 duximus
968 1769 1229 1853 appendendum.
1248 1771 1366 1832 Datum
1383 1773 1515 1834 sabbato

251 1876 284 1937 in
308 1875 418 1958 vigilia
431 1877 578 1938 omnium
605 1891 799 1940 sanctorum.
812 1881 909 1939 Anno
925 1877 1048 1939 domini
1067 1877 1242 1939 millesimo
1256 1877 1515 1959 quingentesimo

250 1982 378 2045 decimo
400 1985 548 2066 septim0.

357 2105 499 2158 Ecoaevo
521 2111 695 2172 transumpto.
715 2110 745 2159 ln
763 2108 832 2160 areb.
852 2121 910 2158 ven.
931 2103 1011 2171 capit.
1025 2107 1131 2172 zagrab.
1145 2105 1201 2156 Διί.
1222 2107 1284 2170 Cap.
1306 2111 1358 2158 ant.
1379 2107 1442 2160 tasc.
1458 2109 1515 2158 101.

250 2207 287 2244 ar.
311 2194 351 2246 17.

799 2409 882 2477 14⁷.

360 2567 436 2651 dano
459 2567 535 2621 1517.
555 2571 580 2620 9.
601 2569 759 2622 novembris.
779 2565 1018 2635 Quinqaeecleslis.

360 2690 541 2772 Organista,
566 2689 641 2754 feria
665 2693 805 2755 secunda
829 2707 902 2755 ante
933 2714 957 2754 s.
991 2691 1175 2754 Martinum.
1202 2691 1398 2775 ›Scripsistis
1428 2711 1518 2772 prae-

252 2797 359 2881 posito
394 2797 734 2879 Quinqueecclesiensi
767 2799 889 2861 ratione
925 2798 1145 2861 renovationis
1180 2797 1276 2860 vestri
1311 2797 1423 2880 organi
1459 2815 1517 2878 pro

256 2925 295 2986 50
320 2903 379 2968 for.
405 2924 478 2966 cum
502 2906 654 2967 omnibus
677 2907 743 2968 auis
766 2906 943 2970 defectibus
968 2907 1000 2968 in
1025 2905 1136 2968 vestris
1159 2905 1305 2988 expensis
1329 2922 1402 2966 cum
1426 2901 1519 2964 novis

257 3012 391 3074 vocibus
415 3032 500 3074 nunc
525 3014 673 3094 inventis,
697 3034 734 3075 ex
759 3033 844 3076 novo
868 3015 960 3076 vobis
985 3013 1198 3075 reformabo«

359 3151 530 3207 Marcelovid.
551 3153 677 3222 Regesta,
696 3161 832 3222 utsupra.

848 3439 932 3506 148.

360 3599 435 3650 Anno
456 3599 532 3650 1517.
553 3600 595 3654 22.
615 3601 773 3652 novembris.
796 3599 933 3666 Strigonil.

260 3743 395 3818 Thomas,
419 3743 498 3803 cord.
523 3751 551 3801 et
571 3744 797 3818 archiepiscopus
819 3743 1027 3818 strigoniensis,
1045 3744 1201 3817 capitulum
1224 3743 1410 3816 sagrobiense
1425 3749 1519 3819 rogat,

257 3857 290 3907 ut
308 3850 444 3924 Iohanni
471 3847 599 3928 Gor-icoj
617 3852 762 3925 canonico,
786 3851 881 3924 quiin
898 3852 984 3908 terris
999 3851 1125 3907 extemis
1140 3850 1341 3906 universitates
1356 3845 1520 3906 litterarum

492 3955 701 4032 frequentabit,
722 3963 898 4030 proventum
918 3957 1111 4014 canonicalem
1135 3955 1275 4014 exsolvat.

364 4095 570 4156 Venerabiles
586 4095 680 4157 nobis
697 4093 824 4158 dilecti!
850 4095 1014 4170 Quoniam
1037 4115 1095 4156 nos
1113 4094 1192 4156 moti
1209 4093 1302 4156 bonis
1327 4093 1522 4176 respectibus

259 4201 440 4263 honorabili
465 4201 617 4284 magistro
641 4201 779 4264 iohanni
805 4201 962 4285 Gorycza,
987 4202 1037 4263 cui
1060 4221 1145 4262 nunc
1163 4202 1386 4264 canonicatum
1404 4213 1435 4262 et
1450 4220 1521 4282 pre·

258 4307 396 4370 bendum
422 4308 453 4369 in
478 4308 537 4370 ista
560 4309 692 4371 ecclesia
716 4309 914 4391 zagrabiensi
938 4329 995 4391 per
1011 4309 1265 4390 resignacionem
1282 4307 1424 4389 magistri
1449 4306 1520 4369 Elie

259 4413 297 4476 de
321 4413 451 4493 chha,
474 4414 632 4477 secretarii
657 4415 742 4496 regie
768 4415 951 4494 Maiestatis,
977 4415 1009 4475 in
1032 4413 1175 4476 favorem
1192 4414 1241 4474 sui
1265 4411 1390 4492 factam,
1407 4433 1521 4474 vacan-

165 4569 168 4574 .
259 4533 322 4592 tem
358 4520 564 4599 contulimus,
599 4521 640 4583 ad
668 4521 801 4602 aliquod
832 4520 1013 4582 universale
1044 4521 1239 4602 gimnaaium
1284 4518 1380 4581 studii
1415 4518 1521 4600 gracia

259 4625 416 4709 proficisci
441 4627 593 4709 cupienti,
618 4627 787 4689 licenciam
812 4640 842 4688 et
875 4627 1020 4688 inducias
1054 4626 1280 4704 concessimus,
1304 4639 1339 4687 ut
1362 4625 1462 4708 possit
1485 4625 1522 4686 li·

260 4734 333 4794 bere
358 4745 444 4795 extra
479 4733 616 4795 eandem
651 4734 818 4795 ecclesiam
850 4735 882 4794 in
914 4733 1100 4794 huiusmodi
1136 4732 1295 4814 gimnasio
1330 4731 1467 4794 residere
1493 4745 1524 4792 et

259 4839 358 4902 literis
382 4859 505 4919 vacare,
529 4852 639 4901 nostro
662 4852 770 4902 tarnen
795 4839 930 4902 durante
955 4840 1167 4921 beneplacito.
1200 4839 1340 4901 Proinde
1372 4856 1523 4918 rogamus

261 4957 291 5007 et
314 4946 508 5028 requirimus
532 4945 598 5008 Vos
622 4959 653 5008 et
686 4947 786 5008 eciam
819 4947 902 5009 serio
935 4947 1177 5024 committimus,
1210 4959 1368 5026 quatenus
1403 4944 1523 5005 interea

260 5051 318 5113 sibi
343 5053 382 5114 de
406 5052 541 5133 singulis
564 5053 773 5135 proventibus
797 5065 827 5113 et
850 5052 1028 5114 redditibus
1051 5052 1116 5112 suis
1133 5051 1373 5113 canonicalibus
1390 5048 1521 5132 perinde
