3808 5792
391 551 448 612 186
758 556 829 613 Boc.
854 569 928 632 149,
955 567 1020 630 150.
1046 587 1087 597 -
1109 555 1166 615 An.
1194 564 1279 630 1517.

384 801 420 844 ac
444 802 572 864 presens
596 797 677 844 esset
699 782 894 863 integraliter
917 783 1111 865 respondere
1136 795 1167 844 et
1190 783 1375 865 responderi
1410 782 1513 844 facere
1545 783 1651 843 velitis

344 891 350 911 '
385 903 415 950 et
439 889 592 966 debeatis,
617 903 713 970 prout
737 889 769 950 id
793 889 893 950 eciam
919 889 958 950 de
991 889 1058 969 jure
1092 888 1195 950 facere
1227 889 1404 965 tenemini;
1436 902 1557 950 attento
1581 909 1654 970 pre-

385 995 489 1077 cipue,
514 995 601 1075 quod
627 995 693 1077 ipse
718 995 830 1076 quevis
853 1014 951 1056 onera
976 1007 1008 1056 et
1031 996 1163 1056 servicia
1187 996 1247 1056 sibi
1276 996 1445 1057 occasione
1474 995 1653 1056 eorundem

385 1102 590 1163 canonicatus
614 1117 645 1164 et
668 1102 830 1184 prebende
854 1102 1077 1163 incumbencia
1101 1121 1157 1184 per
1173 1103 1272 1163 alium
1298 1100 1509 1162 sufficientem
1535 1101 1566 1161 in
1584 1101 1653 1182 ipsa

384 1207 517 1268 ecclesia
541 1209 741 1290 supportabit
765 1221 795 1270 et
820 1209 995 1290 impendet.
1021 1209 1061 1271 Et
1085 1209 1151 1272 Vos
1175 1209 1257 1270 bene
1282 1209 1388 1270 valere
1420 1221 1578 1290 optamus.
1605 1209 1651 1268 Ex

384 1333 455 1374 arce
478 1327 585 1375 nostra
610 1313 821 1394 Strigoniensi
849 1314 1014 1377 dominico
1038 1315 1090 1377 die
1118 1316 1266 1397 proximo
1291 1328 1363 1398 post
1396 1313 1512 1375 festum
1544 1327 1652 1376 sancte

387 1419 550 1482 Elisabeth
574 1420 682 1482 vidue.
707 1425 803 1482 Anno
828 1420 952 1482 domini
982 1442 1073 1504 ¹5¹7·

912 1526 1058 1588 Thomas
1083 1527 1253 1588 cardinalis
1272 1528 1494 1610 strigoniensis
1510 1540 1569 1589 etc.
1586 1547 1653 1588 ma·

912 1654 956 1695 nu
979 1635 1118 1716 propria.

491 1737 525 1802 (A
547 1739 634 1804 tergo)
653 1739 899 1800 Venerabilibus
925 1739 1066 1801 dominis
1097 1741 1239 1822 capitulo
1270 1741 1403 1802 ecclesie
1427 1739 1653 1822 zagrabiensis,

388 1845 481 1906 nobis
504 1845 626 1908 sincere
650 1824 784 1908 dilectis.

491 1967 627 2033 Originale
648 1971 672 2021 in
693 1971 790 2028 charta,
811 1985 826 2020 a
845 1977 922 2035 tergo
942 1971 1100 2033 impressum
1121 1975 1162 2021 est
1182 1971 1306 2036 sigillum.
1326 1970 1353 2021 ln
1375 1970 1472 2021 archiv.
1493 1984 1551 2023 reu.
1566 1970 1652 2035 Capit.

385 2058 492 2122 zagrab.
513 2062 571 2110 Act.
593 2059 656 2124 Cap.
677 2065 730 2110 ant.
756 2059 818 2110 [asc.
839 2057 880 2110 8l.
901 2074 937 2110 nr.
957 2059 999 2110 27.

979 2341 1064 2407 149.

489 2497 563 2548 Anno
586 2499 660 2548 1517.
682 2500 704 2549 7.
725 2500 882 2552 decembris.
902 2499 988 2553 Crisii.

492 2623 600 2700 Crisii,
625 2623 701 2684 leria
725 2625 864 2685 secunda
896 2639 967 2706 post
990 2645 1013 2686 s.
1046 2625 1229 2686 Nicolaum.
1266 2625 1454 2706 Capitulum
1487 2625 1604 2705 excipit
1635 2645 1652 2685 a

387 2727 480 2788 Petro
505 2729 631 2790 Berizlo
664 2730 747 2790 bano
782 2745 840 2792 etc.
865 2730 1053 2791 mandatum
1076 2731 1279 2792 statutorium
1314 2731 1347 2790 in
1382 2731 1479 2792 totale
1514 2745 1652 2791 castrum

387 2834 502 2896 Medve
528 2851 558 2896 et
580 2836 788 2918 pertinentias
826 2837 911 2917 apud
940 2856 1053 2896 manus
1091 2835 1223 2917 Georgii
1259 2835 1453 2897 marchionis
1489 2836 1652 2897 Branden-

388 2942 555 3021 burgensis
579 2943 758 3021 existentes,
784 2943 922 3003 nescitur
946 2961 1011 3024 quo
1035 2941 1112 3022 juris
1136 2942 1239 3004 titu10.
1265 2942 1298 3002 ln
1335 2940 1415 3003 festo
1447 2963 1472 3004 s.
1497 2941 1652 3024 Stephani

385 3049 619 3130 protomartiris
644 3047 721 3108 dum
753 3048 792 3109 ad
826 3050 1062 3130 possessionem
1098 3048 1255 3109 Kraleucz
1287 3047 1327 3108 ad
1360 3061 1497 3109 castrum
1530 3048 1652 3109 dictum

386 3167 582 3234 spectantem
618 3174 702 3215 nunc
727 3174 783 3236 per
819 3153 996 3234 Georgium
1033 3154 1185 3234 habitam,
1222 3154 1431 3236 proveniente
1466 3155 1652 3216 testimonio

385 3257 539 3338 Stephani
565 3259 736 3338 Chernich,
755 3260 885 3342 jobagio
904 3261 935 3320 in
953 3259 1066 3321 eadem
1085 3261 1241 3321 Kraleucz
1259 3259 1461 3338 contradixit,
1479 3280 1535 3342 per
1553 3281 1651 3341 quem

386 3377 432 3424 est
456 3377 607 3424 evocatus
632 3364 785 3426 marchio

492 3485 660 3538 Marcelovic'.
681 3487 805 3554 Regesta,
825 3493 852 3540 ut
878 3504 965 3554 supra.

980 3771 1064 3839 150.

492 3914 568 3964 Auno
591 3915 665 3965 1517.
685 3900 804 3966 Casmae.

394 4043 546 4115 sollegricm
564 4044 842 4116 praebendariorum
872 4051 960 4116 rogat
987 4043 1139 4101 canonicos
1168 4043 1332 4120 lasmenses,
1367 4043 1491 4100 arbitros
1522 4063 1542 4100 a
1567 4053 1653 4118 papa

386 4151 554 4224 austeritates,
581 4157 615 4206 ut
635 4151 804 4224 confirment
816 4149 971 4224 jardinum,
993 4167 1050 4222 quo
1075 4151 1260 4222 praepositus
1282 4168 1304 4208 s.
1329 4149 1430 4206 Marr'c
1452 4149 1655 4208 condemmrtus

625 4263 675 4325 est,
698 4266 730 4312 ut
751 4262 893 4327 sumptum
915 4255 975 4312 litis
998 4255 1031 4311 de
1053 4251 1155 4312 balneo
1178 4263 1258 4311 actae
1281 4256 1408 4312 exolvat.

493 4395 611 4456 Coram
636 4395 728 4456 vobis
745 4394 984 4455 venerabilibus
1001 4393 1141 4454 dominis
1163 4393 1319 4454 Michaele
1336 4406 1466 4454 cantore
1482 4406 1514 4453 et
1531 4391 1652 4454 Mathia

386 4499 528 4578 custode,
562 4501 866 4580 locumtenentibus,
895 4500 1122 4581 canonicisque
1156 4500 1288 4561 ecclesie
1326 4499 1494 4580 collegiata
1523 4499 1653 4581 spiritus

387 4607 485 4666 sancti
511 4606 704 4669 chasmensis
721 4621 778 4668 etc.
790 4607 822 4668 in
840 4627 933 4668 causa
947 4620 978 4667 et
991 4607 1093 4667 causis
1104 4607 1246 4688 parcium
1260 4603 1532 4686 infrascriptarum
1546 4625 1564 4665 a
1578 4605 1652 4666 sede

386 4712 560 4792 apostolica
578 4714 737 4774 iudicibus
753 4725 784 4774 et
797 4713 1022 4774 commissariis
1034 4712 1211 4794 specialiter
1228 4711 1397 4794 deputatis,
1409 4730 1469 4791 ego
1484 4709 1599 4772 Gallus
1612 4711 1650 4769 de

386 4817 536 4898 Welyke,
546 4819 699 4899 presbiter
723 4819 812 4880 chori
836 4819 969 4879 ecclesie
986 4818 1201 4899 zagrabiensis
1217 4817 1250 4878 in
1262 4837 1400 4898 persona
1416 4835 1487 4877 mea
1503 4829 1534 4876 et
1549 4817 1652 4877 tocius

388 4922 514 5002 collegii
524 4944 580 4990 seu
591 4924 830 4986 communitatis
847 4925 1053 4985 dominorum
1064 4923 1349 5004 prebendariorum
1367 4922 1508 5004 predicte
1520 4922 1651 4983 ecclesie

387 5029 610 5108 zagrabiensis,
635 5051 705 5111 ago,
736 5029 809 5090 dico
841 5045 871 5092 et
907 5049 1053 5112 propono
1086 5043 1196 5092 contra
1228 5044 1258 5091 et
1289 5030 1442 5091 adversus
1475 5028 1647 5110 quemdam
