3732 5802
723 569 795 629 Doc.
811 580 858 645 71.
878 601 916 614 -
934 571 992 630 An.
1009 583 1097 644 1509.
1483 563 1523 654 75

583 674 615 680 -,
1023 677 1250 684 -ῄ-

260 793 356 854 nobis
389 794 508 872 retulit,
533 815 588 876 per
620 795 758 857 eundem
783 796 958 876 Thomam,
990 797 1119 860 fratrem
1148 819 1253 878 suum,
1279 801 1420 882 plenarie
1445 801 1525 863 datis

259 914 290 960 et
312 899 496 981 persolutis,
512 901 707 962 vendidisset
730 917 761 963 et
782 904 977 982 contulisset,
995 905 1095 967 immo
1114 927 1151 967 ex
1168 926 1325 968 consensu
1345 908 1525 970 vicinorum

258 1005 478 1086 predictorum
504 1007 648 1068 vendidit
671 1021 702 1069 et
726 1009 862 1070 contulit
886 1031 993 1072 coram
1016 1012 1109 1073 nobis
1135 1011 1202 1092 jure
1227 1026 1382 1094 perpetuo
1402 1027 1432 1074 et
1450 1015 1526 1074 irre-

259 1111 450 1174 vocabiliter
480 1114 666 1192 tenendum,
690 1115 919 1196 possidendum
951 1118 1068 1198 pariter
1099 1131 1130 1179 et
1160 1117 1345 1180 habendum
1377 1139 1412 1180 ac
1441 1120 1525 1200 juxta

260 1218 487 1281 condicionem
509 1221 644 1282 civitatis
660 1236 826 1302 prenotate
842 1225 882 1284 ab
899 1223 1032 1306 antiquo
1050 1225 1290 1306 privilegialiter
1307 1227 1526 1308 approbatam,

261 1344 470 1406 quocumque
502 1327 639 1388 voluerit
672 1327 920 1410 disponendum.
954 1331 987 1390 ln
1019 1331 1109 1393 cuius
1140 1332 1184 1392 rei
1217 1332 1417 1410 memoriam,
1441 1333 1526 1394 testi-

260 1431 421 1510 monium,
445 1432 692 1515 firmitatemque
724 1449 910 1516 perpetuam
942 1451 1104 1518 presentes
1131 1437 1261 1517 litteras,
1284 1439 1390 1519 sigillo
1418 1451 1526 1500 nostro

262 1537 429 1599 communi
453 1540 627 1618 roboratas,
644 1539 749 1602 eidem
773 1540 924 1604 duximus
941 1543 1170 1606 concedendas.
1187 1545 1305 1605 Datum
1323 1543 1400 1605 leria
1417 1557 1528 1624 quarta

262 1643 292 1704 in
325 1642 469 1725 profesto
500 1647 705 1708 Ascensionis
736 1647 870 1710 domini.
895 1653 991 1709 Anno
1023 1648 1145 1712 domini
1174 1650 1346 1712 millesimo
1371 1651 1527 1731 quingen-

261 1751 378 1812 tesimo
403 1771 501 1813 nono.

369 1874 505 1939 originale
531 1876 557 1926 ln
583 1877 740 1942 menbrana,
761 1892 777 1929 a
795 1881 872 1943 tergo
892 1878 1033 1944 vestigium
1053 1879 1177 1942 impressi
1197 1881 1288 1946 sigilli.
1314 1881 1340 1930 ln
1360 1879 1456 1930 archiv.
1480 1879 1525 1930 lib.

262 1975 317 2027 reg.
338 1962 410 2013 civit.
429 1965 535 2028 zagrab.

877 2197 931 2266 71.

373 2354 448 2404 Anno
470 2353 544 2418 1509,
564 2355 589 2405 4.
605 2353 679 2418 junii.
703 2353 859 2419 Zagrabiae.

269 2481 375 2538 Coram
399 2481 532 2552 meolao,
555 2483 690 2539 canom'co
712 2484 821 2553 lectore,
850 2491 931 2542 testes
953 2485 1069 2558 quedam
1093 2493 1263 2542 asseverant
1283 2505 1370 2559 agros
1394 2485 1530 2543 Korrlale

381 2588 548 2663 appellatos,
572 2588 713 2661 hospitali
732 2608 756 2650 s.
780 2586 932 2648 Elaabetk
954 2591 985 2646 in
1008 2607 1083 2648 area
1105 2591 1227 2664 capituli
1247 2593 1301 2649 sito
1322 2592 1423 2652 deberi.

378 2747 470 2808 1509.
487 2727 565 2788 ltem
590 2726 668 2789 leria
688 2727 826 2790 secunda
844 2729 988 2810 proxima
1008 2743 1081 2790 ante
1102 2728 1217 2790 festum
1242 2731 1384 2812 corporis
1401 2730 1530 2809 Christi,

266 2832 325 2894 luit
349 2833 489 2914 quedam
513 2835 628 2895 revisio
652 2834 818 2896 cuiusdam
838 2835 957 2896 montis
972 2853 1028 2894 seu
1044 2847 1198 2896 terrarum
1216 2834 1418 2918 Korythache
1435 2835 1529 2914 dicte,

264 2959 322 3021 per
357 2959 409 3000 nae
444 2939 613 3000 Nicolaum
654 2941 805 3002 lectorem
840 2940 1020 3023 specialiter
1055 2940 1253 3023 deputatum,
1293 2942 1348 3002 ubi
1383 2942 1530 3023 producti

267 3043 397 3106 luerunt
427 3058 521 3106 testes
552 3065 608 3127 per
638 3047 827 3127 magistrum
861 3047 1002 3126 Gallum,
1031 3047 1290 3109 archidiaconum
1322 3047 1529 3110 dubicensem

266 3167 298 3213 et
321 3152 509 3232 magistrum
535 3151 712 3233 Georgium
737 3152 776 3213 de
803 3153 945 3235 liazinya
965 3153 1137 3214 canonicos
1158 3153 1289 3216 ecclesie
1306 3154 1530 3235 zagrabiensis.

267 3295 310 3304 —
334 3258 424 3335 ltem,
448 3257 570 3339 primus
593 3258 680 3319 testis
705 3258 891 3319 Franciscus
915 3259 1070 3320 Birowlin
1095 3259 1133 3320 de
1158 3260 1303 3342 Breztye,
1321 3280 1378 3341 pro
1404 3259 1531 3321 duobus

268 3378 325 3444 est,
350 3383 407 3445 per
430 3365 609 3446 predictum
633 3365 820 3446 magistrum
846 3364 977 3426 Gallum
1002 3365 1131 3446 juratus,
1157 3365 1314 3448 deposuit,
1337 3365 1425 3447 quod
1448 3379 1531 3427 terra

268 3471 301 3532 in
326 3483 435 3530 monte
459 3470 602 3550 predicto
624 3471 769 3550 existens,
786 3471 841 3532 ubi
859 3471 986 3532 novelle
1003 3472 1082 3532 vites
1099 3472 1239 3553 plantate
1255 3486 1329 3534 sunt
1345 3485 1375 3533 et
1390 3473 1530 3533 triticum

269 3597 286 3637 a
310 3589 398 3658 parte
423 3576 626 3638 meridionali
652 3577 855 3656 seminatum,
873 3578 1009 3659 pertinet
1033 3577 1072 3638 ad
1093 3577 1250 3660 hospitale
1267 3580 1358 3639 beate
1376 3578 1531 3655 Elizabet,

268 3683 330 3745 hoc
355 3682 455 3744 lassus
479 3697 525 3744 est
548 3684 638 3744 scitu.
663 3682 750 3744 ldern
774 3682 898 3765 addidit
921 3697 1075 3766 preterea,
1093 3684 1180 3764 quod
1199 3683 1370 3760 audivisset
1386 3703 1403 3744 a
1420 3683 1531 3764 primis

271 3789 414 3867 senibus,
451 3789 538 3869 quod
573 3789 676 3850 dictus
711 3789 906 3850 monticulus
941 3809 996 3850 seu
1029 3803 1110 3851 terre
1142 3788 1281 3871 predicte
1313 3787 1445 3849 luissent
1475 3789 1532 3849 ali·

269 3895 402 3977 quando
434 3895 721 3977 prebendariorum
744 3896 1009 3976 zagrabiensium,
1034 3909 1064 3956 et
1087 3909 1159 3978 post
1183 3909 1319 3956 mortem
1343 3893 1530 3955 eorumdem

269 4003 310 4064 ad
343 4002 522 4084 predictum
553 4001 709 4083 hospitale
742 4021 798 4083 per
830 4002 1030 4084 legacionem
1055 4001 1213 4062 dictorum
1238 3999 1531 4083 prevvendariorum

269 4124 442 4171 cesserunt.
460 4145 502 4154 -
526 4109 614 4188 ltem,
631 4109 790 4170 secundus
813 4109 910 4187 testis,
927 4108 1077 4169 videlicet
1100 4107 1281 4169 Demetrius
1298 4108 1397 4168 Petko
1418 4105 1531 4184 dictus,

269 4217 310 4278 de
335 4213 546 4297 wacherye,
568 4213 699 4296 jobagio
730 4215 852 4276 domini
885 4214 983 4276 nostri
1007 4213 1274 4290 reverendissimi,
1298 4211 1421 4274 domini
1447 4211 1532 4272 Luce

269 4323 413 4406 episcopi
449 4321 580 4383 ecclesie
616 4322 840 4402 zagrabiensis,
872 4321 972 4382 lassus
1008 4333 1053 4381 est
1087 4319 1267 4402 juramento
1300 4318 1465 4400 deposito:
1499 4338 1532 4378 se

269 4429 432 4493 audivisse
460 4449 477 4490 a
511 4427 653 4510 quodam
685 4427 814 4489 Thoma
848 4428 1009 4488 Puckorcz
1041 4427 1080 4487 de
1113 4427 1300 4494 Cutkowcz.
1325 4424 1414 4485 cuius
1447 4423 1532 4484 idem

270 4537 360 4600 testis
393 4535 607 4597 mercenarius
638 4533 698 4596 fuit
726 4533 818 4598 certis
842 4533 943 4611 annis,
969 4532 1056 4613 quod
1081 4532 1162 4592 dicte
1189 4546 1269 4592 terre
1294 4531 1478 4612 spectabant
1503 4543 1533 4591 et

269 4657 415 4727 spectant
444 4641 733 4724 inpresentiarum
757 4639 797 4700 ad
821 4638 1000 4722 predictum
1025 4637 1193 4720 hospitale,
1218 4651 1248 4698 et
1272 4635 1358 4697 idem
1381 4635 1469 4697 testis
1493 4636 1532 4697 ab

271 4751 387 4813 eodem
413 4747 543 4810 Thoma
567 4748 729 4809 Puckorcz
754 4745 936 4826 audivisset,
953 4745 1041 4826 quod
1064 4744 1146 4805 dicte
1163 4757 1244 4803 terre
1262 4762 1317 4824 per
1333 4742 1533 4823 legacionem

270 4854 558 4940 prebendariorum
593 4854 760 4915 cessissent
794 4851 833 4912 ad
870 4851 1025 4934 hospitale
1060 4851 1151 4910 beate
1183 4849 1339 4909 Elizabet.
1371 4883 1413 4892 —
1444 4848 1532 4930 ltem,

270 4964 388 5026 tercius
407 4961 495 5022 testis
511 4961 629 5022 Paulus
650 4959 785 5022 Suchicz
802 4959 841 5019 de
858 4959 969 5039 Wgra,
987 4957 1115 5038 jobagio
1133 4955 1255 5017 domini
1273 4955 1372 5016 nostri
1389 4974 1533 5015 reveren-

272 5069 478 5150 dissimi,pro
502 5067 639 5146 duobus,
656 5079 687 5128 et
709 5065 830 5148 juratus
853 5085 909 5148 per
932 5063 1109 5146 predictum
1137 5064 1323 5144 magistrum
1345 5061 1533 5142 Georgium,
