3732 5802
605 531 679 590 Dor.
705 545 772 609 131.
797 565 840 576 -
863 532 921 594 An.
946 529 1036 607 1516.
1396 535 1453 617 163

193 636 454 644 ψ.
462 638 584 644 --—.-—
590 638 703 644 ——-
722 639 958 645 .-—-.-—————-
1006 639 1090 645 .---

186 758 446 821 reverendissimi
490 759 614 820 domini
654 759 760 840 legati.
786 759 906 822 Audiat
948 760 1142 822 reverendus
1181 773 1270 845 pater
1306 763 1458 826 dominus

186 865 333 926 Andreas
354 865 535 948 prepositus
558 863 763 944 ehamensis,
788 865 872 944 citet,
900 865 1053 945 inhibeat,
1082 867 1244 949 procedat,
1269 883 1304 930 ut
1326 871 1455 951 petitur,

186 971 289 1034 eciam
320 971 465 1033 terminis
495 990 562 1033 non
596 971 728 1034 servatis
762 984 794 1033 et
828 971 986 1053 justiciam
1023 970 1126 1034 faciat.
1161 974 1342 1037 Secundam
1377 997 1453 1038 vero

185 1077 302 1138 talem:
327 1077 434 1139 Placet
466 1076 734 1139 reverendissimo
758 1076 892 1138 domino
924 1077 1041 1160 legato.
1066 1077 1212 1140 Andreas
1250 1081 1454 1146 chasmensis.

186 1181 423 1264 Cuiusquidem
460 1183 696 1245 commissionis
730 1183 840 1264 vigore
872 1201 980 1245 coram
1013 1184 1107 1245 nobis
1140 1184 1179 1246 ad
1225 1188 1457 1250 nonnullorum

184 1289 400 1351 terminorum
424 1289 688 1368 observacionem
711 1308 873 1371 processo,
904 1291 1136 1371 subsequenter
1159 1311 1236 1355 vero
1265 1295 1359 1356 nobis
1394 1315 1452 1377 pro

184 1407 274 1476 parte
297 1394 539 1458 honorabilium
563 1395 771 1456 dominorum
796 1394 934 1457 Dionisii
966 1395 1078 1458 decani
1111 1411 1142 1458 et
1176 1397 1240 1460 litis
1271 1413 1456 1463 consortum

184 1519 318 1562 suorum
342 1500 570 1583 principalium
603 1501 784 1582 expositum
808 1498 869 1562 fuit
899 1520 972 1563 curn
1005 1502 1153 1583 querela:
1185 1504 1274 1585 quod
1305 1505 1457 1568 nonnulli

183 1606 309 1669 domini
333 1607 458 1689 prelati,
481 1606 614 1689 judices,
637 1606 802 1688 officiales,
826 1609 1048 1688 commissarii,
1072 1609 1222 1691 delegati,
1240 1612 1453 1695 subdelegati,

183 1726 379 1792 executores,
402 1715 649 1776 subexecutores
672 1713 837 1793 ordinarii,
861 1714 1115 1795 extraordinarii,
1129 1716 1276 1798 collegia,
1301 1719 1454 1800 capitula,

184 1832 373 1900 conventus,
405 1819 523 1898 clerici,
555 1819 672 1881 notarii
714 1834 744 1881 et
778 1819 971 1882 tabelliones
994 1820 1126 1902 publici,
1162 1821 1290 1904 alisque
1321 1843 1457 1906 persone

183 1925 398 1988 ecclesiastice
423 1938 454 1987 et
477 1925 635 1988 seculares
667 1926 803 1988 civitatis
826 1939 857 1988 et
888 1925 1033 2010 dyocesis
1064 1927 1280 2010 predictarum
1311 1950 1347 1992 ac
1378 1931 1455 1992 alibi

184 2033 349 2095 constituti
372 2051 472 2115 penes
495 2051 528 2094 se
552 2031 718 2111 haberent,
747 2031 927 2094 detinerent
950 2053 986 2095 ac
1002 2033 1157 2096 habentes
1189 2035 1307 2097 scirent
1338 2049 1369 2098 et
1400 2037 1454 2098 de-

181 2138 286 2201 tinent
308 2138 342 2200 in
364 2158 477 2201 eorum
501 2138 596 2217 cistis,
612 2137 769 2219 schriniis,
787 2139 899 2218 archis,
921 2139 1084 2218 custodiis,
1113 2139 1223 2219 thecia,
1241 2142 1325 2204 notis
1342 2163 1454 2206 manu-

144 2229 147 2233 ’
182 2244 289 2306 alibus
313 2257 344 2308 et
367 2243 578 2328 prothocollis
612 2264 669 2306 seu
700 2245 840 2327 registris
872 2245 1029 2307 nonnulla
1060 2257 1129 2307 acta
1164 2247 1301 2327 actitata,
1338 2249 1456 2328 literas,

182 2351 366 2434 scripturas,
389 2351 568 2434 privilegia,
591 2363 718 2430 statuta,
743 2352 885 2433 registra,
926 2353 1137 2415 instrumenta
1168 2373 1203 2415 ac
1234 2354 1296 2416 alia
1326 2353 1395 2436 jura
1426 2367 1457 2416 et

182 2457 386 2520 munimenta
401 2477 530 2519 causam
544 2471 575 2520 et
593 2477 704 2520 causas
712 2457 901 2520 huiusmodi
920 2471 1149 2520 concernentes
1166 2473 1196 2521 et
1214 2461 1454 2540 concernentia,

182 2582 219 2624 ac
232 2582 293 2645 pro
306 2564 533 2645 recognicione
557 2584 650 2628 cause
675 2577 706 2628 et
719 2585 886 2627 causarum
899 2565 1086 2628 huiusmodi
1099 2567 1293 2630 necessarias
1303 2580 1334 2630 et
1347 2587 1454 2630 neces-

181 2669 264 2730 saria
278 2689 314 2731 ac
327 2670 396 2734 sine
412 2670 533 2752 quibus
550 2670 590 2733 de
613 2669 800 2733 huiusmodi
816 2691 908 2734 cause
922 2671 1044 2733 meritis
1052 2671 1093 2733 ad
1110 2671 1242 2754 plenum
1252 2673 1375 2756 liquere
1384 2694 1451 2737 non

182 2788 309 2855 posset;
333 2789 530 2859 quapropter
553 2777 661 2840 literas
685 2778 919 2861 compulsorias
940 2777 1107 2860 generales
1123 2792 1210 2842 extra
1226 2781 1347 2844 curiam
1366 2781 1453 2863 lega·

182 2880 285 2943 cionis
310 2895 341 2944 et
365 2882 405 2944 ad
431 2897 535 2965 partes
559 2883 620 2945 sibi
645 2883 678 2946 in
703 2882 807 2946 forma
831 2884 925 2946 solita
950 2897 981 2946 et
1005 2897 1155 2946 consveta
1179 2885 1307 2948 decerni
1324 2899 1356 2949 et
1379 2907 1455 2950 con·

182 2987 252 3048 cedi
273 3007 331 3070 per
355 3008 414 3050 nos
438 2989 591 3053 instanter
623 2990 789 3072 pecierunt
811 3003 842 3051 et
865 2990 1077 3073 postularunt.
1110 2992 1178 3054 Nos
1201 3005 1277 3054 tunc
1306 2993 1452 3056 Andreas

181 3091 279 3174 judex
303 3107 335 3156 et
359 3095 598 3158 commissarius
621 3093 763 3178 prelatus
788 3095 956 3158 attendens
979 3097 1231 3178 requisicionem
1265 3099 1455 3162 huiuamodi

126 3221 128 3225 ’
182 3197 251 3262 lore
278 3201 394 3263 iustam
422 3215 454 3264 et
483 3202 605 3265 racioni
637 3222 824 3282 consonam,
856 3203 1010 3286 quodque
1042 3203 1124 3286 justa
1156 3206 1277 3287 petenti
1310 3225 1376 3268 non
1408 3219 1455 3268 est

181 3306 392 3389 denegandus
415 3329 572 3390 assensus,
592 3309 735 3391 bonique
759 3309 874 3391 judicis
897 3309 937 3371 sit
953 3322 1067 3372 cuncta
1085 3309 1205 3390 rimari,
1228 3330 1270 3372 ne
1286 3311 1454 3374 occasione

181 3414 411 3478 occultacionis
435 3415 554 3496 jurium
581 3417 726 3499 parcium
762 3415 836 3478 hinc
876 3415 951 3478 inde
992 3415 1043 3478 vel
1076 3415 1172 3478 alicui
1207 3417 1382 3479 earundem
1406 3416 1455 3503 ius

181 3521 286 3583 valeat
308 3521 464 3604 deperire,
488 3521 607 3586 idcirco
631 3522 818 3585 auctoritate
843 3522 1019 3605 apostolica
1036 3522 1129 3585 nobis
1153 3523 1323 3586 commissa
1340 3537 1371 3586 et
1386 3544 1450 3606 qua

182 3625 348 3710 fungimur
371 3629 405 3690 in
428 3626 487 3691 hac
510 3643 599 3713 parte
623 3650 680 3694 vos
711 3649 825 3693 ornnes
857 3642 888 3692 et
919 3629 1064 3711 singulos
1094 3629 1303 3713 supradictos,
1335 3631 1453 3712 quibus

181 3747 345 3815 presentes
366 3748 474 3797 nostre
497 3735 588 3798 litere
613 3735 795 3817 diriguntur
819 3748 851 3798 et
874 3748 1016 3797 restrum
1041 3736 1220 3817 quemlibet
1243 3749 1356 3798 tenore
1379 3756 1451 3818 pre·

181 3840 326 3902 sencium
361 3841 478 3923 primo,
515 3841 668 3922 secundo,
704 3842 803 3904 tercio
837 3854 868 3904 et
902 3842 1117 3924 peremptorie
1153 3841 1369 3904 communiter
1400 3842 1451 3904 vel

181 3945 311 4008 divisim
335 3947 529 4030 requirimus
553 3962 584 4010 et
608 3968 788 4028 monemus,
813 3948 970 4030 vobisque
995 3946 1226 4010 nichilominus
1258 3961 1289 4010 et
1310 3961 1458 4052 restrum¹

180 4051 314 4114 cuilibet
338 4053 370 4114 in
395 4053 511 4116 virtute
534 4067 642 4116 sancte
658 4054 847 4117 obediencie
865 4068 896 4116 et
911 4055 970 4116 sub
987 4051 1195 4136 infrascriptis
1212 4055 1447 4117 sentenciarum

180 4159 273 4240 penis
298 4159 439 4222 districte
463 4161 675 4242 precipientes
699 4161 901 4238 mandamus,
933 4173 1091 4240 quatenus
1123 4157 1204 4250 infra
1238 4179 1292 4222 sex
1326 4161 1451 4222 dierum

180 4266 325 4348 spacium
349 4278 422 4348 post
444 4268 720 4347 presentacionem
752 4286 808 4328 seu
839 4264 1095 4328 notificationem
1129 4267 1327 4348 presencium
1361 4265 1453 4327 vobis

180 4393 235 4436 seu
260 4372 352 4435 alteri
376 4383 517 4434 vestrum
542 4371 649 4452 factas,
674 4387 704 4434 et
734 4387 906 4455 postquam
940 4391 999 4454 pro
1032 4385 1121 4454 parte
1154 4371 1313 4433 dictorum
1348 4371 1452 4433 domi·

180 4498 297 4542 norum
328 4479 442 4541 decani
474 4491 505 4540 et
535 4478 599 4540 litis
630 4493 815 4542 consortum
851 4479 1077 4562 principalium
1108 4479 1218 4558 vigore
1251 4478 1452 4560 presencium

180 4605 275 4668 super
297 4585 359 4646 hoc
383 4583 507 4647 fueritis
530 4585 676 4666 requisiti
700 4605 758 4648 seu
781 4585 861 4648 alter
884 4599 1026 4646 vestrum
1059 4583 1154 4645 luerit
1178 4584 1360 4665 requisitus,
1394 4583 1453 4644 im-

180 4691 319 4752 mediate
343 4691 563 4772 sequentibus,
596 4710 734 4772 quorum
763 4711 817 4754 sex
849 4691 986 4768 dierum,
1018 4689 1100 4751 duos
1132 4709 1190 4771 pro
1223 4690 1338 4770 prim0,
1372 4689 1453 4751 duos

180 4817 238 4880 pro
261 4797 408 4858 secundo
432 4809 463 4858 et
487 4797 629 4878 reliquos
653 4795 735 4858 duos
759 4796 828 4858 dies
850 4796 943 4858 vobis
968 4795 1125 4858 universis
1142 4808 1172 4858 et
1189 4793 1324 4876 singulis
1342 4814 1452 4877 supra·

180 4902 272 4965 dictis
303 4922 363 4985 pro
398 4902 498 4964 tercio
529 4915 560 4964 et
588 4903 806 4985 peremptorio
837 4903 976 4964 termino
1009 4922 1045 4964 ac
1078 4899 1261 4965 monicione
1298 4901 1451 4962 canonica

180 5009 391 5091 assignamus,
404 5009 447 5071 ita
471 5023 589 5088 tamen,
601 5009 689 5092 quod
708 5010 740 5070 in
756 5009 818 5071 hiis
842 5009 1039 5092 exequendis
1056 5027 1139 5069 unus
1156 5021 1295 5068 restrum
1314 5006 1450 5068 alterurn

1334 5109 1345 5135 ’l‘
