3752 5806
379 548 417 628 58
532 617 537 624 ,
825 551 1206 627 Doc.55.-An.1507.

377 776 520 838 eiusdem
553 777 688 839 civitatis
722 778 840 839 montis
874 777 1043 850 Grecensis
1074 777 1228 858 personis,
1261 789 1402 837 nostram
1430 777 1642 858 personaliter

376 883 507 943 veniens
525 883 557 943 in
579 885 788 964 presenciam,
798 884 891 944 nobis
907 904 964 965 per
980 883 1114 944 modum
1131 882 1373 963 protestationis
1390 897 1420 944 et
1437 882 1644 944 inhibitionis

375 987 553 1069 significare
577 978 699 1050 curarit
723 990 755 1050 in
780 989 865 1051 hunc
886 989 1039 1051 modurn:
1061 988 1197 1069 qualiter
1218 987 1296 1050 olim
1314 989 1461 1070 egregius
1478 987 1642 1050 lohannes

377 1093 561 1176 Hennyngh
595 1093 633 1154 de
667 1095 887 1172 Zomzedwar,
911 1107 1000 1175 pater
1032 1094 1183 1156 videlicet
1209 1094 1347 1155 condam
1371 1095 1489 1176 egregii
1513 1095 1644 1156 Andree

378 1199 562 1282 Hennyngh
576 1200 615 1260 de
633 1200 744 1261 eadem
766 1199 1005 1278 Zomzedwara,
1023 1200 1162 1261 nescitur
1178 1200 1294 1280 quibus
1311 1213 1418 1262 motus
1434 1200 1641 1281 respectibus,

376 1306 592 1387 possessiones
623 1306 800 1368 eorundem
835 1306 952 1366 civium
984 1305 1245 1387 protestantium,
1278 1305 1468 1387 Petrowyna
1497 1319 1528 1366 et
1552 1306 1643 1388 Syla·

377 1413 505 1473 kowina
525 1423 661 1490 vocatas,
686 1413 717 1472 in
743 1412 896 1472 comitatu
919 1411 1116 1492 zagrabiensi
1149 1411 1328 1488 existentes,
1346 1410 1480 1489 habitas,
1504 1431 1522 1472 a
1547 1412 1643 1472 certis

377 1517 539 1578 retroactis
570 1518 769 1600 temporibus
800 1517 987 1598 occupative
1020 1529 1050 1577 et
1085 1516 1266 1598 usurpative
1296 1531 1401 1598 preter
1435 1517 1521 1578 viam
1554 1517 1642 1599 juris,

377 1623 472 1684 simul
505 1644 578 1685 curn
609 1623 726 1685 eodem
761 1623 888 1684 Andrea
921 1623 1117 1705 Hennyngh,
1141 1622 1209 1684 filio
1237 1643 1306 1702 suo,
1330 1625 1517 1702 tennuisset,
1542 1623 1642 1684 modo

377 1748 507 1811 quoque
524 1730 595 1791 aliis
612 1730 705 1790 bonis
722 1730 787 1790 suis
804 1729 1071 1810 possessionariis,
1089 1728 1238 1790 videlicet
1254 1729 1294 1790 ad
1312 1742 1412 1790 castra
1430 1729 1643 1790 Zomzedwar

377 1835 556 1917 predictum
580 1848 612 1896 et
636 1835 733 1917 Selyn
758 1847 881 1913 vocata,
904 1835 1147 1916 pertinentibus,
1164 1853 1304 1896 annexas
1326 1847 1473 1896 tenerent
1497 1847 1528 1896 et
1551 1855 1643 1896 usur·

377 1941 482 2024 pative
516 1941 735 2023 possiderent;
759 1959 832 2002 cum
863 1953 982 2018 tamen,
1014 1939 1144 2001 eosdem
1180 1940 1265 2000 cives
1296 1953 1518 2021 protestantes,
1547 1955 1645 2022 prout

377 2048 502 2126 dicitur,
526 2047 665 2129 predicte
699 2048 901 2129 possesiones
933 2065 1006 2108 cum
1037 2046 1242 2128 pertinenciis
1274 2046 1340 2106 suis
1364 2046 1521 2107 universis
1544 2047 1644 2128 pleno

377 2153 445 2234 jure
476 2165 705 2216 concernerent
737 2168 767 2215 et
792 2154 832 2215 ad
857 2153 998 2230 eosdem,
1023 2164 1321 2232 consequenterque
1355 2152 1474 2213 dictam
1498 2152 1644 2234 ipsorum

377 2261 538 2321 civitatem
572 2261 749 2340 antiquitus
781 2260 1008 2341 pertinuissent
1038 2271 1068 2319 et
1091 2245 1251 2340 pertinere
1275 2257 1517 2320 dinoscerentur
1541 2260 1646 2320 eciam

378 2365 417 2425 de
441 2366 593 2446 presenti,
618 2366 649 2427 in
674 2387 717 2444 se,
737 2366 836 2426 modo
853 2365 1019 2447 premisso,
1037 2378 1186 2446 usurpate
1211 2364 1353 2442 luissent,
1372 2365 1404 2425 in
1428 2365 1646 2446 preiudicium

377 2485 408 2532 et
439 2471 629 2554 dampnum,
658 2473 841 2552 juriumque
877 2473 1072 2552 derogamen
1097 2471 1257 2532 dictorum
1281 2471 1400 2532 civium
1425 2469 1647 2533 manifestum.

379 2577 473 2638 Unde
510 2576 590 2639 facta
623 2577 808 2639 huiusmodi
844 2578 1089 2660 protestatione,
1122 2577 1187 2638 iam
1219 2575 1302 2638 fatus
1340 2576 1515 2657 Gregorius
1548 2576 1646 2656 judex

377 2702 508 2744 suorum
537 2697 567 2744 et
598 2684 746 2762 aliorum,
771 2703 910 2764 quorum
937 2703 1043 2765 supra,
1072 2684 1257 2744 nominibus
1288 2695 1320 2744 et
1350 2684 1382 2743 in
1414 2683 1571 2764 personis,
1596 2703 1648 2743 se-

377 2789 580 2850 renissimum
623 2791 800 2872 principem
839 2803 870 2852 et
905 2789 1087 2868 dominum,
1121 2789 1290 2850 dominum
1326 2788 1556 2867 Wladislaum,
1592 2789 1646 2850 dei

376 2895 516 2975 graciam
542 2916 650 2976 regem
675 2896 840 2976 Hungarie
864 2909 895 2956 et
912 2895 1066 2956 Bohemie
1084 2908 1155 2972 etc,
1172 2894 1342 2955 dominum
1359 2906 1503 2955 nostrum
1521 2894 1649 2974 gracio-

377 3000 538 3061 sissimum
571 3023 588 3062 a
613 3001 802 3080 donatione,
827 3001 1071 3081 collacioneque
1103 3013 1133 3061 et
1161 3019 1329 3077 consensu,
1354 2999 1430 3060 item
1453 3019 1649 3080 generosam

378 3105 542 3168 dominam
569 3107 734 3189 Sophiam,
764 3108 907 3168 relictam
938 3106 1082 3168 eiusdem
1113 3105 1241 3166 Andree
1273 3105 1470 3186 Hennyngh,
1497 3105 1649 3186 aliosque

378 3213 542 3274 universos
579 3227 609 3274 et
641 3213 802 3294 quoslibet
837 3213 977 3274 cuiusvis
1007 3225 1106 3273 status
1138 3224 1169 3273 et
1200 3211 1401 3273 condicionis
1432 3211 1581 3273 homines
1605 3213 1649 3272 ab

378 3318 617 3398 impetratione,
651 3339 776 3381 necnon
811 3319 1038 3400 occupacione,
1070 3318 1293 3399 usurpatione,
1326 3309 1583 3397 detentioneque
1616 3329 1650 3378 et

378 3426 623 3486 conservatione
648 3427 891 3507 prescriptorum
917 3425 1158 3506 possessionum
1181 3423 1372 3505 Petrowyna
1389 3437 1420 3483 et
1437 3422 1650 3504 Sylakowina

377 3543 574 3608 vocatarum,
591 3532 926 3612 pertinentiarumque
942 3549 1072 3592 suarum
1089 3531 1321 3606 universarum,
1339 3528 1399 3610 juri
1417 3540 1649 3590 annotatorum

378 3637 497 3696 civium
537 3651 678 3717 spectare
718 3637 920 3714 debentium,
956 3655 1054 3716 seque
1090 3636 1187 3716 ipsos,
1223 3635 1338 3714 quovis
1374 3635 1499 3715 quesito
1535 3633 1650 3695 colore

378 3742 410 3801 in
447 3742 629 3803 dominium
670 3744 845 3804 earundem
885 3741 1133 3818 intromissione,
1169 3740 1228 3801 sibi
1265 3739 1341 3820 ipsis
1376 3739 1650 3820 appropriatione

378 3868 414 3908 ac
450 3847 702 3936 statuiiaccione,
728 3867 920 3928 usuumque,
957 3846 1118 3907 fructuum
1151 3859 1182 3906 et
1217 3845 1435 3926 quarumlibet
1469 3843 1652 3906 utilitatum

379 3951 562 4013 earumdem
596 3955 805 4034 p·rcepcione
830 3971 886 4013 seu
911 3950 1188 4033 percipifaccione,
1207 3951 1354 4011 universa
1379 3950 1481 4010 etiam
1507 3950 1653 4027 capitula

378 4073 409 4118 et
440 4071 616 4120 conventus
647 4079 683 4118 ac
715 4059 775 4118 alia
809 4059 921 4138 quevis
954 4059 1024 4118 loca
1062 4057 1227 4118 credibilia
1259 4077 1276 4117 a
1310 4057 1486 4117 litterarum
1515 4075 1654 4118 suarum

377 4166 614 4224 statutoriarum
650 4183 706 4224 seu
740 4163 875 4224 aliarum
911 4183 1188 4243 quarumcumque
1220 4161 1441 4223 fassionalium
1474 4162 1654 4243 superinde

378 4269 594 4330 confectarum
629 4283 659 4329 et
693 4269 962 4330 conficiendarum
995 4270 1203 4330 emanatione
1236 4282 1267 4328 et
1299 4268 1523 4329 extradacione
1556 4265 1656 4329 iactis

379 4375 613 4453 quoquomodo
655 4375 701 4435 vel
739 4374 865 4452 fiendis,
891 4375 1055 4455 prohibuit
1095 4374 1345 4436 contradicendo
1375 4385 1415 4458 ‘et
1454 4372 1656 4435 contradixit

379 4477 555 4539 inhibendo
580 4481 706 4560 publice
731 4493 761 4540 et
785 4480 953 4540 manileste
982 4501 1089 4541 coram
1114 4482 1208 4542 nobis
1231 4479 1418 4541 testimonio
1443 4477 1655 4559 presencium

380 4583 551 4644 mediante.
585 4585 702 4646 Datum
737 4586 769 4645 in
795 4585 903 4665 vigilia
928 4587 1101 4647 nativitatis
1125 4587 1216 4646 beate
1251 4585 1351 4646 Marie
1376 4583 1518 4664 virginis.
1550 4588 1657 4646 Anno

380 4685 502 4747 domini
528 4689 699 4751 millesimo
724 4691 984 4771 quingentesimo
1008 4692 1155 4772 septimo.

488 4843 623 4907 Originale
649 4847 673 4896 in
703 4847 800 4899 charte.
828 4849 849 4898 Α
873 4853 950 4914 tergo
975 4849 1115 4913 vestigium
1141 4849 1265 4914 impressi
1285 4847 1376 4914 sigilli.
1402 4847 1430 4896 ln
1458 4847 1556 4897 archis.
1589 4847 1658 4899 incl.

379 4929 473 4980 Accad.
495 4929 590 4982 Scient.
612 4931 712 4986 Slavor.
733 4935 842 4987 meriod.
