3900 5804
702 514 821 573 Statura
847 516 1141 576 Praebendarr'orum.
1494 537 1555 600 295

288 762 327 804 ex
350 742 606 825 iunpatronatus
641 741 784 823 ipsorum
819 741 853 803 in
882 742 992 805 medio
1015 743 1115 806 nostri
1139 745 1319 826 prebendas
1343 746 1554 826 contulerint,

289 861 320 910 et
343 848 477 910 domino
501 847 623 918 decano
646 861 754 909 nostro
778 867 837 930 pro
861 861 1006 931 tempore
1031 850 1204 912 constituto
1233 852 1486 933 presentaverint
1521 866 1551 914 et

289 953 596 1034 commendaverint,
628 953 844 1016 iuramentum
869 952 973 1016 forma
1003 956 1062 1016 sub
1097 955 1271 1039 prescripta
1304 976 1412 1020 coram
1448 959 1554 1037 nobis,

288 1060 379 1122 tactis
416 1059 624 1122 sacrosanctis
662 1058 715 1120 dei
757 1059 944 1141 ewangeliis
978 1073 1118 1142 prestare
1158 1063 1353 1124 tenebuntur
1395 1077 1426 1126 et
1464 1078 1556 1127 erunt

289 1165 424 1248 obligati
448 1177 544 1250 atque
568 1165 697 1228 astricti.

392 1388 443 1446 Dc
465 1387 590 1445 celandis
608 1387 734 1447 secretis

395 1544 474 1605 ltem
497 1555 628 1625 propter
662 1541 812 1604 evitanda
846 1541 995 1604 scandala
1029 1543 1172 1622 fratrum,
1208 1557 1308 1626 utque
1343 1563 1425 1626 quos
1456 1545 1554 1606 timor

288 1650 340 1712 dei
364 1669 430 1712 non
452 1661 581 1711 revocat
604 1667 622 1710 a
645 1648 750 1724 malis,
774 1647 888 1709 saltem
911 1648 1062 1710 severitas
1085 1649 1255 1732 discipline
1278 1661 1456 1712 coercente
1480 1668 1553 1732 pec·

289 1756 375 1846 catis,
399 1754 588 1833 sanccimus,
612 1753 700 1834 quod
731 1751 928 1834 quicumque
964 1754 1172 1816 dominorum
1205 1753 1338 1817 fratrum
1371 1767 1554 1817 nostrorum

288 1874 407 1924 secreta
431 1875 463 1923 et
486 1881 533 1940 ea,
557 1880 620 1943 que
644 1860 677 1922 in
710 1860 855 1922 conclavi
890 1873 921 1921 et
944 1861 1093 1943 privatim
1129 1861 1162 1923 in
1198 1861 1335 1944 collegio
1370 1873 1554 1942 tractantur,
1648 1874 1652 1883 “

287 1986 367 2029 ausu
391 1967 561 2029 temerario
585 1980 616 2028 et
640 1966 749 2028 animo
773 1965 886 2028 rebelli
903 1985 969 2027 non
998 1967 1117 2028 veritus
1141 1966 1236 2029 fuerit
1255 1980 1286 2029 et
1304 1985 1370 2028 non
1387 1968 1550 2030 erubuerit

288 2073 439 2156 pandere,
462 2073 535 2135 talis
559 2073 721 2136 consortio
745 2085 865 2153 nostro,
882 2072 999 2154 pariter
1015 2085 1047 2136 et
1069 2073 1279 2155 proventibus
1295 2073 1360 2134 suis
1377 2092 1551 2154 perunum

288 2199 408 2241 annum
441 2192 473 2241 et
509 2179 605 2258 diem,
641 2179 693 2241 vel
728 2178 806 2240 alias
841 2178 882 2240 ad
915 2178 1152 2262 beneplacitum
1185 2191 1341 2259 nostrum,
1375 2178 1553 2262 privabitur

288 2285 358 2368 ipso
381 2283 476 2348 fact0.
551 2287 554 2292 ’

392 2483 442 2541 De
464 2482 637 2541 auctoritate
658 2482 768 2540 domini
787 2482 894 2544 decani.

395 2622 571 2684 Statuimus
594 2622 706 2702 eciam,
724 2622 813 2704 quod
836 2623 912 2704 quia
936 2642 973 2685 ex
997 2623 1152 2686 laudabili
1177 2637 1208 2685 et
1228 2625 1403 2707 approbata
1419 2642 1550 2687 consve-

286 2727 399 2790 tudine
434 2740 553 2808 nostra,
587 2728 739 2790 dominus
770 2727 910 2790 decanus
940 2743 1049 2793 noster
1080 2731 1112 2792 in
1148 2729 1257 2792 medio
1292 2731 1390 2792 nostri
1426 2748 1551 2812 semper
1645 2789 1654 2808 ,

288 2834 393 2896 existit
414 2835 570 2916 superior,
594 2847 625 2896 et
649 2847 756 2896 nostra
780 2834 914 2916 negocia
938 2837 1061 2917 ubique
1085 2836 1173 2898 velut
1201 2848 1295 2918 caput
1330 2847 1475 2898 nostrum
1499 2855 1550 2898 or-

287 2939 376 3002 dinat
400 2953 431 3001 et
458 2953 637 3022 promovet.
672 2939 772 3022 Igitur
816 2940 1007 3023 cuicumque
1043 2961 1079 3003 ex
1118 2941 1267 3003 fratribus
1301 2941 1417 3003 nostris
1447 2941 1550 3023 quod·

287 3066 426 3128 cumque
450 3047 621 3128 negocium
657 3046 781 3108 licitum
804 3066 863 3128 pro
899 3047 1036 3111 utilitate
1067 3047 1305 3110 communitatis
1335 3067 1391 3108 seu
1422 3047 1550 3129 collegii

288 3153 513 3235 exequendum
550 3152 802 3233 demandaverit,
838 3151 1010 3234 diligenter
1034 3169 1064 3216 er
1095 3173 1168 3216 cum
1204 3173 1278 3216 cura
1313 3167 1432 3232 exacta,
1460 3153 1549 3214 omni

286 3259 548 3341 tergiversatione
572 3273 603 3320 et
626 3259 794 3320 renitentia
819 3258 953 3340 aliquali
976 3260 1081 3322 statim
1107 3261 1221 3341 exequi
1246 3259 1378 3336 debeat3
1403 3259 1549 3341 alioquin

286 3367 312 3427 si
336 3365 404 3427 eius
427 3365 587 3427 mandatis
610 3385 675 3427 non
708 3367 858 3448 paruerit,
889 3366 1037 3448 iussaque
1066 3366 1134 3428 eius
1167 3386 1332 3449 capescere
1364 3365 1549 3447 neglexerit,

287 3490 361 3533 mox
385 3471 552 3533 consorcio
576 3483 685 3533 nostro
716 3483 747 3532 et
778 3472 989 3553 proventibus
1024 3473 1090 3534 suis
1123 3472 1248 3534 tamdiu
1284 3491 1453 3553 quousque
1489 3471 1549 3552 ipsi

287 3577 421 3638 domino
445 3577 567 3638 decano
591 3589 701 3638 nostro
730 3590 760 3638 et
794 3577 889 3639 nobis
923 3577 1028 3639 visum
1063 3577 1158 3640 fuerit
1190 3578 1332 3660 privatus
1368 3576 1549 3638 censebitur

287 3701 326 3744 eo
350 3681 444 3745 facto.

391 3879 441 3936 De
462 3897 519 3935 nota
543 3877 695 3952 inserenda
710 3877 813 3952 fratri
833 3878 958 3938 iniuria.

394 4037 436 4099 Ut
459 4049 566 4099 autern
590 4035 694 4099 honor
718 4049 749 4098 et
772 4036 908 4099 charitas
930 4035 1067 4098 fraterna
1092 4037 1124 4097 in
1149 4035 1243 4097 nobis
1263 4047 1374 4115 regnet
1389 4049 1420 4096 et
1444 4035 1548 4096 domi-

287 4155 380 4204 netur
414 4143 500 4204 etin
525 4142 593 4204 dies
627 4155 862 4224 augmentetur,
887 4161 952 4224 quo
975 4139 1102 4204 'nostris
1126 4141 1219 4204 bonis
1257 4140 1400 4202 moribus
1438 4141 1549 4202 ceteris

287 4249 388 4310 eciam
412 4248 512 4310 simus
535 4249 567 4310 in
592 4249 751 4330 optimum
783 4249 955 4331 exemplar,
988 4247 1198 4326 decrevimus,
1231 4247 1319 4328 quod
1351 4246 1548 4328 quicumque

286 4367 468 4416 nostrorum
493 4353 626 4416 fratrum
651 4353 746 4416 alicui
767 4374 804 4415 ex
838 4353 997 4434 fratribus,
1025 4353 1221 4435 ubicumque
1254 4352 1412 4431 locorum,
1444 4350 1548 4414 facere

285 4474 517 4542 presummeret
540 4461 682 4542 aliquam
707 4459 910 4522 manifestam
934 4459 1093 4532 iniuriam,
1117 4459 1168 4520 vel
1199 4478 1282 4520 unus
1305 4459 1441 4520 alterurn
1465 4458 1547 4520 vitu·

286 4567 382 4649 periis
404 4566 591 4628 enormibus
625 4563 774 4645 afficeret,
806 4579 861 4628 aut
893 4565 1006 4627 dolosa
1034 4565 1178 4627 convicia
1210 4563 1350 4644 inferret,
1384 4564 1435 4625 vel
1470 4564 1548 4626 alias

285 4670 465 4752 infamaret,
488 4673 561 4735 talis
596 4672 763 4734 consorcio
787 4685 818 4734 et
841 4671 1050 4754 proventibus
1074 4691 1140 4733 uno
1173 4671 1297 4752 integro
1329 4689 1415 4732 anno
1440 4684 1470 4732 et
1494 4670 1547 4732 die

285 4779 472 4862 privabitur,
496 4791 550 4840 aut
574 4779 652 4840 alias
676 4777 854 4840 secundum
878 4777 1074 4858 exigentiam
1098 4797 1181 4840 noxe
1204 4776 1421 4840 mulctabitur.
