3732 5802
424 569 463 633 72
856 554 928 611 Doc.
945 550 996 612 68.
1017 587 1052 596 —
1073 551 1240 628 An.1508.

500 657 575 663 ——---
594 658 662 664 -—-
675 657 774 664 ----.-
803 659 839 663 —--
884 659 962 664 ----
1009 659 1143 666 ———-—
1166 660 1685 670 —-----——-—-—--——...—

424 776 639 862 infrascriptis,
663 793 787 862 sponte,
812 780 912 842 libere
942 793 972 841 et
1005 779 1114 845 animo
1143 780 1320 844 deliberato
1352 783 1431 845 dixit
1462 800 1493 846 et
1524 785 1686 846 confessus

424 897 488 947 est:
520 885 609 948 illam
641 886 803 948 scedulam
836 883 982 949 fassionis
1013 886 1133 967 egregii
1163 887 1286 950 domini
1320 890 1489 952 Baltasaris
1520 891 1560 952 de
1593 892 1686 972 Alap‚

424 1011 482 1073 pro
516 993 739 1073 cuiusquidem
774 993 902 1054 scedule
938 991 1163 1054 falsificacione
1199 1009 1230 1056 et
1261 997 1428 1058 abrasione
1460 998 1494 1058 in
1525 997 1686 1078 alianque

423 1098 618 1160 sentenciam
649 1100 831 1160 mutacione
857 1098 941 1160 idern
968 1098 1148 1180 Stephanus
1171 1099 1362 1180 judicialiter
1385 1104 1551 1165 convictus
1575 1103 1688 1182 fuerat,

424 1223 456 1265 se
480 1204 629 1266 manibus
652 1204 790 1286 propriis
813 1218 843 1266 et
867 1225 905 1266 ex
929 1217 1012 1266 certa
1037 1205 1173 1268 sciencia
1198 1207 1328 1269 viciasse
1346 1221 1377 1269 et
1394 1207 1588 1287 falsificasse,
1605 1210 1686 1270 hanc

424 1309 543 1372 scilicet
574 1311 616 1370 ob
648 1329 786 1389 causam,
812 1324 846 1372 ut
880 1310 992 1372 eadem
1023 1311 1153 1372 scedula
1176 1310 1355 1376 fassionalis
1379 1315 1589 1375 concordaret
1613 1333 1686 1376 cum

425 1417 537 1477 litteris
571 1436 627 1498 per
663 1417 767 1498 ipsum
794 1417 1042 1498 privelegialiter
1065 1419 1251 1501 conscriptis
1274 1434 1305 1482 et
1329 1421 1471 1482 emanari
1494 1421 1689 1502 procuratis;

424 1523 649 1604 subiungendo
674 1523 795 1584 ibidem
818 1524 949 1584 alteram
975 1543 1114 1602 causam,
1132 1525 1221 1605 quod
1243 1527 1364 1588 scilicet
1387 1526 1574 1588 credidisset
1596 1527 1688 1592 nullo

424 1628 523 1690 modo
553 1648 610 1710 per
641 1629 826 1711 quempiam
857 1629 1027 1691 hominum
1050 1630 1274 1692 huiuscemodi
1298 1633 1501 1693 abrasionem
1526 1647 1556 1694 et
1582 1631 1689 1694 falsifi-

425 1735 589 1796 cacionem
607 1735 755 1815 cognosci
772 1755 864 1817 posse
881 1749 912 1798 et
928 1736 1080 1818 potuisse.
1094 1735 1296 1798 Presentibus
1313 1737 1434 1798 ibidem
1451 1737 1690 1798 venerabilibus

426 1839 582 1902 dominis:
608 1841 762 1904 Michaele
787 1843 917 1907 custode
941 1842 1139 1924 zagrablensi
1163 1857 1194 1904 et
1216 1843 1344 1904 Matheo
1362 1843 1492 1904 custode
1510 1843 1689 1905 chasmensi

426 1946 587 2010 canonicis
610 1948 825 2030 zagrabiensis
849 1961 880 2009 et
901 1947 1095 2010 chasmensis
1120 1949 1343 2024 ecclesiarum;
1372 1950 1451 2011 item
1475 1951 1607 2030 egregio
1633 1951 1689 2010 La-

426 2053 528 2116 dislao
567 2053 710 2116 Bradach
749 2055 868 2117 vicario
902 2055 1071 2137 temporali
1110 2055 1311 2138 episcopatus
1349 2055 1579 2136 zagrabiensis,
1615 2057 1689 2117 item

427 2159 572 2221 Johanne
612 2159 773 2241 Supanich
812 2160 852 2221 de
892 2159 1145 2240 Prezecznaiew‚
1176 2162 1340 2224 Jeronimo
1380 2162 1611 2245 Dobrowoych
1650 2164 1688 2225 de

427 2265 554 2347 Polym,
579 2265 713 2346 aliisque
738 2267 870 2328 testibus
893 2265 1064 2348 fidedignis
1088 2267 1208 2328 vocatis
1232 2281 1262 2328 et
1285 2267 1454 2348 requisitis.

793 2422 954 2484 Johannes
978 2423 1221 2485 archidiaconus
1245 2423 1439 2486 chasmensis
1464 2440 1495 2486 et
1519 2427 1690 2488 canonicus

840 2511 973 2572 ecclesie
1000 2513 1225 2592 zagrabiensis‚
1250 2513 1392 2574 notarius
1416 2515 1448 2574 in
1474 2514 1646 2596 premissis.

533 2687 669 2755 originale
684 2689 710 2741 iu
724 2688 821 2740 charta.
836 2688 863 2738 ln
878 2689 975 2741 archiv.
990 2703 1048 2742 ven.
1063 2688 1126 2752 Cap.
1139 2689 1245 2754 zagrab.
1259 2689 1311 2740 Act
1330 2689 1394 2753 Cap.
1405 2695 1457 2742 ant.
1472 2689 1537 2740 fasc.
1552 2690 1593 2740 95.
1606 2704 1640 2740 nr.
1654 2691 1689 2741 ll.

531 3135 605 3185 llano
627 3135 701 3186 1508.
720 3133 866 3198 Zagrablae

540 3279 756 3337 communitatis
777 3280 903 3337 civitatis
925 3280 1045 3348 aletreta,
1062 3297 1137 3352 quae
1155 3279 1301 3350 perlinam
1321 3277 1363 3334 ad
1384 3285 1590 3338 maeatarum.

536 3439 624 3516 Item,
641 3451 707 3498 tota
731 3437 943 3498 communitas
968 3437 1085 3498 civium
1110 3435 1192 3496 dicte
1217 3435 1352 3496 civitatis
1373 3428 1692 3514 montis'Grecensis,

430 3544 597 3604 videlicet:
631 3543 724 3623 judex
756 3543 940 3620 modernus,
964 3542 1067 3622 jurati,
1093 3541 1278 3619 consiliarii,
1300 3541 1441 3602 seniores
1474 3540 1607 3621 judices,
1632 3556 1693 3602 tam

430 3649 571 3710 seniores
595 3649 687 3729 jurati
712 3669 808 3729 quam
833 3647 980 3709 moderni
1005 3663 1035 3708 et
1059 3647 1198 3708 universi
1223 3647 1308 3707 cives
1332 3666 1367 3707 ac
1391 3659 1456 3707 tota
1482 3647 1693 3707 communitas

431 3756 526 3817 simul
558 3775 678 3836 pauper
710 3769 740 3814 et
773 3756 862 3814 dives
894 3755 933 3814 de
963 3755 1117 3832 unanimi,
1142 3752 1358 3833 concordique
1384 3765 1414 3813 et
1438 3751 1507 3834 pari
1531 3751 1692 3812 voluntate

432 3861 471 3922 ad
504 3861 719 3942 infrascriptos
747 3861 896 3922 articulos
930 3860 1048 3920 amodo
1081 3879 1181 3939 usque
1206 3860 1237 3918 in
1262 3871 1452 3940 perpetuum
1477 3858 1694 3918 observandos

432 3969 490 4028 sub
526 3988 607 4048 pena
644 3965 840 4049 infrascripta
877 3965 1128 4027 irrevocabiliter
1151 3978 1182 4025 et
1205 3964 1436 4025 inviolabiliter
1459 3964 1693 4040 constituimus,

431 4073 725 4153 ordinavimusque.

539 4198 626 4275 Item,
643 4196 764 4278 primus
788 4196 949 4256 articulus.
968 4195 1064 4268 Quod
1090 4194 1285 4276 quicumque
1311 4185 1466 4254 meicator
1483 4213 1539 4254 seu
1560 4193 1694 4270 institor,

434 4304 637 4384 concivisque
661 4315 768 4362 noster
791 4303 927 4363 existens
950 4302 989 4362 ad
1015 4301 1191 4382 capitulum
1216 4299 1348 4362 mercari
1370 4319 1425 4359 seu
1447 4299 1588 4361 vendere
1605 4319 1694 4381 quas·

349 4393 351 4398 ⁵
434 4429 559 4488 cunque
591 4430 639 4469 res
670 4423 724 4470 aut
755 4409 866 4489 quevis
899 4407 1105 4469 mercimonia
1137 4405 1320 4467 venditioni
1352 4423 1511 4485 exponere
1544 4405 1615 4484 iret,
1638 4405 1695 4466 nisi

434 4527 577 4594 ternpore
624 4514 852 4593 nundinarum,
892 4535 947 4597 pro
987 4515 1089 4596 prima
1128 4511 1377 4592 transgressione
1417 4529 1515 4571 unam
1555 4513 1696 4572 markam

436 4618 650 4697 denariorum,
674 4621 814 4682 mediam
839 4636 958 4702 partem
984 4619 1091 4698 judici,
1116 4617 1256 4677 mediam
1281 4635 1358 4678 vero
1379 4615 1420 4676 ad
1442 4636 1536 4676 usum
1554 4636 1697 4677 commu·

437 4724 543 4783 nitatis
577 4726 755 4804 persolvat;
791 4746 848 4806 pro
883 4725 1021 4785 secunda
1055 4743 1131 4784 vero
1166 4721 1418 4803 transgressione
1450 4735 1481 4782 et
1512 4741 1572 4804 pro
1605 4723 1698 4783 tercia

438 4828 589 4905 totidem3
622 4832 709 4910 quod
742 4831 767 4891 si
800 4831 893 4911 judex
927 4849 1000 4891 cum
1030 4831 1095 4890 suis
1126 4829 1235 4910 juratis
1262 4829 1481 4910 accipiendam
1513 4827 1697 4890 huiusmodi

439 4952 554 5013 penam
577 4936 702 5016 tepidus
726 4951 815 5014 essct,
833 4950 946 4997 extunc
972 4937 1056 4996 idern
1081 4935 1175 5017 judex
1201 4954 1317 5016 penam
1341 4933 1527 4996 huiusmodi
1546 4937 1587 4997 ad
1607 4954 1698 4996 usum

440 5043 677 5101 communitatis
701 5044 870 5122 persolvat.
