3732 5802
405 543 446 622 84
794 549 868 609 Dec.
891 543 943 622 78,
966 558 1016 623 79.
1041 581 1083 590 -
1108 552 1162 610 An.
1187 563 1272 625 1510.

540 655 604 662 -—-·-
623 657 908 664 --..——-.-—--.-—.
926 657 1013 664 --,..
1029 658 1034 662 .
1054 657 1116 662 ..—
1320 655 1352 662 ιιι-
1404 654 1504 660 .—
1533 654 1558 658 ..-

1004 779 1064 846 ⁷8.

508 917 582 967 Anno
605 917 679 982 1510,
701 917 739 968 17.
757 915 824 981 julli.
844 916 872 968 ln
890 914 981 988 Tbata.

509 1040 708 1102 Wladislaus
746 1061 799 1130 rex
838 1042 977 1123 capitulo
1016 1042 1134 1121 scribit,
1172 1041 1333 1102 civitatem
1372 1041 1537 1122 conqueri,
1581 1039 1672 1122 quod

401 1160 525 1227 praeter
556 1161 694 1208 caeteras
725 1146 859 1226 injurias
889 1146 994 1210 lorum
1027 1148 1162 1210 civitatis
1193 1147 1391 1210 ordinarium
1424 1161 1608 1230 usurpasset
1640 1159 1678 1222 et,

401 1267 592 1316 mercatores
620 1273 657 1314 ex
692 1253 818 1314 civitate
850 1251 1025 1316 aedificatis
1054 1253 1303 1332 testitudinibus,
1335 1253 1547 1332 divertissent,
1582 1253 1672 1314 uncle

401 1357 497 1419 etiam
523 1359 644 1436 civitas,
669 1359 792 1420 civibus
814 1359 855 1420 ad
878 1357 1065 1440 Capitulum
1089 1359 1336 1436 transeuntibus,
1354 1359 1561 1436 desolaretur,
1579 1358 1671 1440 quod

399 1477 506 1526 tamen
538 1463 717 1526 defensioni
749 1465 837 1546 regni
870 1478 926 1543 est,
958 1465 1035 1526 haec
1067 1465 1174 1547 itaque
1208 1465 1373 1548 prohibet;
1406 1466 1485 1527 alias
1516 1465 1671 1544 minatur,

400 1570 475 1632 visis
499 1572 634 1633 civitatis
659 1570 781 1652 juribus
805 1571 864 1654 ipsi
889 1571 1038 1634 daturum
1064 1571 1241 1634 libertatem
1265 1592 1297 1632 se
1321 1569 1516 1633 defendendi
1540 1572 1573 1632 in
1601 1571 1669 1654 pari

398 1677 539 1739 brachio.
564 1677 597 1738 ln
623 1677 727 1740 Thata
752 1676 829 1740 feria
855 1691 967 1759 quarta
990 1691 1062 1762 post
1086 1676 1202 1743 festum
1225 1698 1251 1738 s.
1275 1677 1506 1760 Margarethae.

505 1831 673 1887 llarcelovid.
691 1834 817 1900 Regesta,
836 1841 864 1888 nt
883 1849 972 1901 supra.

1000 2067 1062 2135 79.

503 2207 577 2258 Anno
600 2205 674 2270 1510,
694 2209 720 2260 8.
739 2208 907 2270 septembris.
927 2205 1037 2260 Nitriae.

408 2334 582 2404 Vlade'slous,
600 2335 777 2408 Hungariae
800 2343 848 2392 etc.
865 2353 928 2405 rex,
943 2337 1147 2408 protonotario
1169 2337 1258 2414 regni
1275 2333 1440 2410 Slaoom'ae,
1456 2335 1669 2411 Jiedr'ce'busque

396 2440 539 2498 nobilium
574 2440 704 2509 monetat,
728 2449 762 2497 ut
789 2447 959 2514 cognoscant
985 2459 1114 2515 causam,
1138 2459 1213 2516 quoe
1242 2441 1276 2498 de
1290 2437 1363 2516 fori
1387 2441 1447 2498 loco
1469 2449 1668 2515 vetustateque

614 2548 689 2603 e'nter
711 2547 870 2619 capitulum
892 2555 920 2604 et
940 2549 1167 2606 communitatem
1190 2545 1320 2604 civitates
1342 2547 1452 2620 agitur.

501 2683 699 2745 Wladislaus
723 2684 774 2746 dei
796 2685 901 2766 gracia
926 2705 980 2748 rex
1005 2685 1171 2767 Hungarie
1193 2699 1224 2748 et
1249 2683 1404 2748 Bohemie
1421 2697 1479 2747 etc.
1498 2685 1667 2748 Fidelibus

395 2791 510 2852 nostris
535 2791 671 2872 egregiis
695 2791 847 2872 magistro
872 2791 1042 2854 Francisco
1066 2792 1106 2852 de
1128 2791 1278 2854 Marocba
1300 2791 1477 2873 personalis
1500 2793 1666 2873 presencie

395 2909 500 2957 nostre
534 2911 565 2958 er
598 2898 687 2978 regni
720 2901 818 2958 nostri
853 2898 1024 2960 Sclauonie
1057 2897 1300 2980 prothonotario
1334 2917 1370 2959 ac
1396 2897 1490 2958 Petro
1515 2897 1665 2980 lmprych

395 3003 435 3063 de
467 3003 638 3084 Jamnycza
671 3017 702 3064 et
731 3003 865 3065 Nicolao
890 3004 930 3065 de
954 3004 1097 3082 Pezerio,
1122 3003 1282 3084 judicibus
1305 3002 1465 3066 nobilium
1494 3004 1667 3066 comitatus

393 3109 617 3189 zagrabiensis,
647 3109 783 3170 salutern
810 3124 841 3171 et
872 3111 1023 3190 graciam.
1048 3111 1158 3192 Nuper
1182 3109 1214 3170 in
1240 3110 1385 3191 proxima
1410 3108 1497 3171 dieta
1520 3110 1664 3191 generali

393 3215 615 3276 universorum
649 3216 884 3295 regnicolarum
917 3230 1100 3278 nostrorum
1132 3216 1163 3277 in
1197 3215 1319 3298 oppido
1344 3229 1454 3278 nostro
1477 3215 1584 3278 Thata
1609 3235 1665 3299 per

393 3339 451 3381 nos
489 3321 656 3398 celebrata,
689 3322 770 3382 inter
810 3323 891 3384 alios
929 3321 1040 3384 fideles
1081 3335 1208 3384 nostros
1247 3321 1391 3404 parcium
1431 3321 1520 3402 regni
1563 3323 1663 3384 nostri

394 3425 576 3504 Sclauonie,
599 3426 788 3488 honorabile
821 3427 996 3510 capitulum
1031 3427 1166 3489 ecclesie
1199 3425 1413 3508 zagrabiensis
1444 3439 1474 3487 et
1506 3425 1604 3506 judex
1627 3447 1664 3488 ac

392 3533 605 3592 communitas
640 3533 759 3594 civium
796 3533 931 3595 civitatis
963 3547 1068 3594 nostre
1104 3534 1224 3594 montis
1256 3531 1426 3594 Grecensis
1456 3552 1513 3614 per
1543 3533 1664 3594 electos

392 3639 526 3699 nuncios
549 3657 624 3700 suos
648 3639 733 3720 apud
758 3659 816 3700 nos
840 3640 1014 3717 constituti,
1039 3639 1137 3700 iidem
1162 3639 1246 3700 cives
1268 3639 1421 3720 primurn,
1442 3637 1559 3700 deinde
1585 3658 1663 3701 vero

391 3744 449 3826 ipsi
483 3745 673 3826 capitulares
707 3765 818 3826 graves
846 3746 1077 3826 ultrocitroque
1102 3745 1189 3806 etin
1213 3745 1401 3806 alterutrum
1427 3763 1535 3806 coram
1561 3745 1662 3806 Maie-

390 3863 468 3910 state
494 3863 600 3910 nostra
626 3849 780 3930 lecerunt,
798 3851 1081 3932 deposueruntque
1098 3851 1244 3932 querelas
1261 3870 1357 3932 super
1373 3849 1457 3912 lacto
1476 3863 1506 3911 ct
1522 3851 1662 3932 negocio

391 3955 450 4016 fori
486 3957 605 4017 usualis
643 3969 673 4018 et
707 3957 871 4036 ordinarii,
903 3977 968 4038 quo
1001 3957 1099 4019 iidem
1131 3958 1215 4018 cives
1245 3957 1344 4019 nostri
1380 3957 1411 4018 in
1444 3955 1662 4038 preiudicium

390 4063 532 4143 ipsorum
557 4063 780 4144 capitularium
806 4077 836 4124 et
859 4083 875 4124 e
900 4082 1055 4124 converso
1072 4063 1132 4144 ipsi
1150 4063 1341 4145 capitulares
1357 4062 1510 4124 adversus
1527 4062 1661 4124 eosdem

389 4169 473 4228 cives
504 4183 629 4229 nostros
662 4169 728 4230 istic
761 4169 805 4230 uti
837 4183 933 4250 atque
966 4169 1106 4250 gaudere
1136 4183 1249 4231 mutuo
1275 4169 1484 4232 contendunt.
1508 4168 1578 4230 Nos
1602 4188 1661 4251 pro

389 4287 464 4334 tunc
498 4287 618 4353 utpote,
644 4274 698 4354 qui
732 4275 792 4336 hoc
826 4275 993 4336 dissidium
1018 4295 1035 4334 e
1059 4275 1167 4336 medio
1191 4275 1334 4358 parcium
1359 4275 1525 4356 utriusque
1550 4295 1661 4337 earum

387 4377 509 4458 juribus
532 4380 716 4458 observatis,
741 4381 853 4442 tollere
878 4381 1050 4458 voluimus,
1070 4381 1323 4458 decreveramus,
1340 4392 1375 4442 ut
1401 4381 1433 4441 in
1458 4399 1498 4442 eo
1522 4393 1660 4463 utraque

388 4485 527 4564 ipsarum
558 4486 708 4546 consistat
740 4500 770 4546 et
802 4499 988 4568 permaneat
1019 4507 1056 4548 ex
1089 4500 1179 4568 parte
1213 4486 1409 4568 huiusipsius
1437 4484 1510 4566 lori,
1535 4488 1567 4548 in
1594 4507 1660 4568 quo

388 4591 465 4650 alias
489 4593 620 4650 vetustis
643 4593 842 4672 temporibus
867 4607 897 4654 et
921 4612 1023 4673 usque
1047 4593 1087 4654 ad
1114 4592 1173 4654 hec
1190 4606 1336 4674 tempora
1355 4591 1486 4674 pacifice
1502 4594 1658 4674 perstitir;

388 4695 474 4775 quod
506 4697 531 4755 si
566 4698 755 4777 capitulares
786 4699 845 4780 ipsi
875 4698 915 4758 de
947 4717 1033 4760 novo
1067 4713 1098 4759 et
1131 4712 1272 4760 recenter
1300 4698 1490 4760 abusionem
1514 4699 1657 4780 aliquam

385 4815 493 4862 contra
518 4802 585 4882 jura
610 4818 640 4863 et
664 4805 831 4885 privilegia
856 4804 976 4885 prelata
1003 4803 1165 4866 dictorum
1191 4804 1309 4865 civium
1333 4817 1516 4866 nostrorum
1542 4804 1574 4866 in
1600 4803 1657 4866 hac

385 4923 472 4989 parte
509 4909 716 4988 induxissent,
749 4911 820 4970 talis
855 4911 967 4972 abusio
1008 4910 1130 4972 aboleri
1163 4925 1193 4972 et
1225 4909 1337 4972 cessari
1371 4909 1512 4988 deberet,
1547 4910 1656 4990 sicque

386 5016 417 5075 in
443 5035 512 5075 eam
537 5017 731 5076 sentenciam
757 5018 875 5078 litteras
898 5017 1039 5078 mandati
1065 5017 1164 5078 nostri
1189 5015 1229 5077 ad
1253 5016 1443 5077 instanciam
1466 5015 1653 5077 eorumdem
