<?xml version="1.0" encoding="UTF-8"?>
<!DOCTYPE html PUBLIC "-//W3C//DTD XHTML 1.0 Transitional//EN"
    "http://www.w3.org/TR/xhtml1/DTD/xhtml1-transitional.dtd">
<html xmlns="http://www.w3.org/1999/xhtml" xml:lang="en" lang="en">
 <head>
  <title>
</title>
<meta http-equiv="Content-Type" content="text/html;charset=utf-8" />
  <meta name='ocr-system' content='tesseract 3.04.00' />
  <meta name='ocr-capabilities' content='ocr_page ocr_carea ocr_par ocr_line ocrx_word'/>
</head>
<body>
  <div class='ocr_page' id='page_1' title='image "./monumentahistor16laszgoog_0230.png"; bbox 0 0 3732 5802; ppageno 0'>
   <div class='ocr_carea' id='block_1_1' title="bbox 367 523 1642 4660">
    <p class='ocr_par' dir='ltr' id='par_1_1' title="bbox 368 523 1194 608">
     <span class='ocr_line' id='line_1_1' title="bbox 368 523 1194 608; baseline 0 -24"><span class='ocrx_word' id='word_1_1' title='bbox 368 547 409 608; x_wconf 90' lang='lat'>94</span> <span class='ocrx_word' id='word_1_2' title='bbox 804 527 878 589; x_wconf 82' lang='lat' dir='ltr'>Doc,</span> <span class='ocrx_word' id='word_1_3' title='bbox 896 523 947 602; x_wconf 83' lang='lat'>87.</span> <span class='ocrx_word' id='word_1_4' title='bbox 973 560 1014 570; x_wconf 87' lang='lat'>-</span> <span class='ocrx_word' id='word_1_5' title='bbox 1031 529 1088 585; x_wconf 85' lang='lat' dir='ltr'>An.</span> <span class='ocrx_word' id='word_1_6' title='bbox 1108 539 1194 602; x_wconf 80' lang='lat'><em>1511.</em></span> 
     </span>
    </p>

    <p class='ocr_par' dir='ltr' id='par_1_2' title="bbox 367 751 1642 4660">
     <span class='ocr_line' id='line_1_2' title="bbox 367 751 1635 836; baseline -0.002 -20"><span class='ocrx_word' id='word_1_7' title='bbox 367 769 477 816; x_wconf 89' lang='lat' dir='ltr'>tenore</span> <span class='ocrx_word' id='word_1_8' title='bbox 510 753 708 836; x_wconf 88' lang='lat' dir='ltr'>presencium</span> <span class='ocrx_word' id='word_1_9' title='bbox 739 751 962 835; x_wconf 88' lang='lat' dir='ltr'>significantes,</span> <span class='ocrx_word' id='word_1_10' title='bbox 987 754 1104 835; x_wconf 89' lang='lat' dir='ltr'>quibus</span> <span class='ocrx_word' id='word_1_11' title='bbox 1127 754 1256 836; x_wconf 88' lang='lat' dir='ltr'>expedit</span> <span class='ocrx_word' id='word_1_12' title='bbox 1280 755 1446 833; x_wconf 89' lang='lat' dir='ltr'>universis,</span> <span class='ocrx_word' id='word_1_13' title='bbox 1471 755 1559 835; x_wconf 91' lang='lat' dir='ltr'>quod</span> <span class='ocrx_word' id='word_1_14' title='bbox 1585 753 1635 814; x_wconf 90' lang='lat' dir='ltr'>vir</span> 
     </span>
     <span class='ocr_line' id='line_1_3' title="bbox 367 859 1633 943; baseline 0 -22"><span class='ocrx_word' id='word_1_15' title='bbox 367 860 521 943; x_wconf 92' lang='lat' dir='ltr'>providus</span> <span class='ocrx_word' id='word_1_16' title='bbox 545 859 632 922; x_wconf 87' lang='lat' dir='ltr'>Elias</span> <span class='ocrx_word' id='word_1_17' title='bbox 655 859 694 921; x_wconf 86' lang='lat' dir='ltr'>de</span> <span class='ocrx_word' id='word_1_18' title='bbox 711 859 930 942; x_wconf 89' lang='lat' dir='ltr'>Czyrquische</span> <span class='ocrx_word' id='word_1_19' title='bbox 948 859 1141 922; x_wconf 78' lang='lat' dir='ltr'>inhabitator</span> <span class='ocrx_word' id='word_1_20' title='bbox 1158 861 1294 922; x_wconf 88' lang='lat' dir='ltr'>civitatis</span> <span class='ocrx_word' id='word_1_21' title='bbox 1310 875 1417 922; x_wconf 90' lang='lat' dir='ltr'>nostre</span> <span class='ocrx_word' id='word_1_22' title='bbox 1434 860 1474 922; x_wconf 93' lang='lat' dir='ltr'>ad</span> <span class='ocrx_word' id='word_1_23' title='bbox 1491 873 1633 922; x_wconf 88' lang='lat' dir='ltr'>nostram</span> 
     </span>
     <span class='ocr_line' id='line_1_4' title="bbox 367 964 1634 1049; baseline -0.002 -21"><span class='ocrx_word' id='word_1_24' title='bbox 367 965 576 1049; x_wconf 85' lang='lat' dir='ltr'>personaliter</span> <span class='ocrx_word' id='word_1_25' title='bbox 611 965 742 1026; x_wconf 86' lang='lat' dir='ltr'>veniens</span> <span class='ocrx_word' id='word_1_26' title='bbox 777 965 974 1048; x_wconf 82' lang='lat' dir='ltr'>presenciam</span> <span class='ocrx_word' id='word_1_27' title='bbox 1011 964 1174 1028; x_wconf 83' lang='lat' dir='ltr'>confessus</span> <span class='ocrx_word' id='word_1_28' title='bbox 1210 979 1256 1028; x_wconf 91' lang='lat' dir='ltr'>est</span> <span class='ocrx_word' id='word_1_29' title='bbox 1291 967 1322 1028; x_wconf 94' lang='lat' dir='ltr'>in</span> <span class='ocrx_word' id='word_1_30' title='bbox 1358 967 1442 1027; x_wconf 91' lang='lat' dir='ltr'>hunc</span> <span class='ocrx_word' id='word_1_31' title='bbox 1479 966 1634 1028; x_wconf 89' lang='lat' dir='ltr'>modum:</span> 
     </span>
     <span class='ocr_line' id='line_1_5' title="bbox 368 1070 1636 1153; baseline 0 -21"><span class='ocrx_word' id='word_1_32' title='bbox 368 1071 505 1152; x_wconf 79' lang='lat' dir='ltr'>qualiter</span> <span class='ocrx_word' id='word_1_33' title='bbox 535 1071 753 1153; x_wconf 90' lang='lat' dir='ltr'>superioribus</span> <span class='ocrx_word' id='word_1_34' title='bbox 784 1071 876 1132; x_wconf 90' lang='lat' dir='ltr'>annis</span> <span class='ocrx_word' id='word_1_35' title='bbox 906 1070 1089 1152; x_wconf 81' lang='lat' dir='ltr'>retrolapsis</span> <span class='ocrx_word' id='word_1_36' title='bbox 1123 1071 1255 1153; x_wconf 89' lang='lat' dir='ltr'>quidam</span> <span class='ocrx_word' id='word_1_37' title='bbox 1280 1071 1418 1134; x_wconf 89' lang='lat' dir='ltr'>condam</span> <span class='ocrx_word' id='word_1_38' title='bbox 1443 1073 1636 1134; x_wconf 86' lang='lat' dir='ltr'>Valentinus</span> 
     </span>
     <span class='ocr_line' id='line_1_6' title="bbox 368 1176 1634 1258; baseline 0 -20"><span class='ocrx_word' id='word_1_39' title='bbox 368 1177 616 1256; x_wconf 86' lang='lat' dir='ltr'>molendinator‚</span> <span class='ocrx_word' id='word_1_40' title='bbox 639 1177 761 1238; x_wconf 87' lang='lat' dir='ltr'>Pethlro</span> <span class='ocrx_word' id='word_1_41' title='bbox 784 1176 897 1256; x_wconf 87' lang='lat' dir='ltr'>dictus,</span> <span class='ocrx_word' id='word_1_42' title='bbox 922 1177 1095 1258; x_wconf 84' lang='lat' dir='ltr'>quamdam</span> <span class='ocrx_word' id='word_1_43' title='bbox 1120 1177 1247 1238; x_wconf 92' lang='lat' dir='ltr'>vineam</span> <span class='ocrx_word' id='word_1_44' title='bbox 1271 1197 1362 1240; x_wconf 90' lang='lat' dir='ltr'>suam</span> <span class='ocrx_word' id='word_1_45' title='bbox 1386 1179 1418 1239; x_wconf 88' lang='lat' dir='ltr'>iu</span> <span class='ocrx_word' id='word_1_46' title='bbox 1441 1177 1634 1240; x_wconf 84' lang='lat' dir='ltr'>Werhowcz</span> 
     </span>
     <span class='ocr_line' id='line_1_7' title="bbox 367 1281 1635 1366; baseline -0.001 -21"><span class='ocrx_word' id='word_1_47' title='bbox 367 1283 520 1361; x_wconf 87' lang='lat' dir='ltr'>habitam,</span> <span class='ocrx_word' id='word_1_48' title='bbox 538 1281 637 1344; x_wconf 86' lang='lat' dir='ltr'>lassus</span> <span class='ocrx_word' id='word_1_49' title='bbox 657 1282 762 1344; x_wconf 92' lang='lat' dir='ltr'>eidem</span> <span class='ocrx_word' id='word_1_50' title='bbox 785 1281 894 1344; x_wconf 88' lang='lat' dir='ltr'>fuisset</span> <span class='ocrx_word' id='word_1_51' title='bbox 909 1295 1054 1365; x_wconf 88' lang='lat' dir='ltr'>tempore</span> <span class='ocrx_word' id='word_1_52' title='bbox 1067 1281 1225 1364; x_wconf 88' lang='lat' dir='ltr'>judicatus</span> <span class='ocrx_word' id='word_1_53' title='bbox 1241 1284 1300 1345; x_wconf 92' lang='lat' dir='ltr'>viri</span> <span class='ocrx_word' id='word_1_54' title='bbox 1316 1284 1443 1366; x_wconf 89' lang='lat' dir='ltr'>providi</span> <span class='ocrx_word' id='word_1_55' title='bbox 1461 1299 1492 1345; x_wconf 91' lang='lat' dir='ltr'>et</span> <span class='ocrx_word' id='word_1_56' title='bbox 1508 1283 1635 1346; x_wconf 86' lang='lat' dir='ltr'>honesti</span> 
     </span>
     <span class='ocr_line' id='line_1_8' title="bbox 368 1389 1635 1468; baseline 0.002 -18"><span class='ocrx_word' id='word_1_57' title='bbox 368 1389 505 1452; x_wconf 90' lang='lat' dir='ltr'>condam</span> <span class='ocrx_word' id='word_1_58' title='bbox 530 1389 663 1451; x_wconf 88' lang='lat' dir='ltr'>Fabiani</span> <span class='ocrx_word' id='word_1_59' title='bbox 688 1389 813 1450; x_wconf 89' lang='lat' dir='ltr'>Czaren</span> <span class='ocrx_word' id='word_1_60' title='bbox 837 1389 924 1467; x_wconf 93' lang='lat' dir='ltr'>dicti,</span> <span class='ocrx_word' id='word_1_61' title='bbox 948 1389 1027 1450; x_wconf 94' lang='lat' dir='ltr'>olim</span> <span class='ocrx_word' id='word_1_62' title='bbox 1052 1389 1176 1452; x_wconf 90' lang='lat' dir='ltr'>seniore</span> <span class='ocrx_word' id='word_1_63' title='bbox 1194 1390 1299 1452; x_wconf 93' lang='lat' dir='ltr'>iudice</span> <span class='ocrx_word' id='word_1_64' title='bbox 1316 1404 1347 1452; x_wconf 95' lang='lat' dir='ltr'>et</span> <span class='ocrx_word' id='word_1_65' title='bbox 1363 1391 1495 1452; x_wconf 88' lang='lat' dir='ltr'>concive</span> <span class='ocrx_word' id='word_1_66' title='bbox 1513 1403 1635 1468; x_wconf 90' lang='lat' dir='ltr'>nostro,</span> 
     </span>
     <span class='ocr_line' id='line_1_9' title="bbox 367 1495 1636 1580; baseline 0 -24"><span class='ocrx_word' id='word_1_67' title='bbox 367 1509 463 1578; x_wconf 90' lang='lat' dir='ltr'>prout</span> <span class='ocrx_word' id='word_1_68' title='bbox 485 1496 588 1558; x_wconf 85' lang='lat' dir='ltr'>dictus</span> <span class='ocrx_word' id='word_1_69' title='bbox 620 1496 707 1558; x_wconf 89' lang='lat' dir='ltr'>Elias</span> <span class='ocrx_word' id='word_1_70' title='bbox 731 1497 763 1557; x_wconf 91' lang='lat' dir='ltr'>in</span> <span class='ocrx_word' id='word_1_71' title='bbox 787 1496 862 1558; x_wconf 87' lang='lat' dir='ltr'>sede</span> <span class='ocrx_word' id='word_1_72' title='bbox 886 1508 993 1558; x_wconf 89' lang='lat' dir='ltr'>nostra</span> <span class='ocrx_word' id='word_1_73' title='bbox 1017 1495 1181 1577; x_wconf 86' lang='lat' dir='ltr'>judiciaria</span> <span class='ocrx_word' id='word_1_74' title='bbox 1207 1517 1280 1560; x_wconf 91' lang='lat' dir='ltr'>cum</span> <span class='ocrx_word' id='word_1_75' title='bbox 1304 1498 1413 1580; x_wconf 89' lang='lat' dir='ltr'>probis</span> <span class='ocrx_word' id='word_1_76' title='bbox 1437 1509 1468 1558; x_wconf 92' lang='lat' dir='ltr'>et</span> <span class='ocrx_word' id='word_1_77' title='bbox 1490 1496 1636 1558; x_wconf 88' lang='lat' dir='ltr'>honestis</span> 
     </span>
     <span class='ocr_line' id='line_1_10' title="bbox 368 1589 1634 1683; baseline 0 -21"><span class='ocrx_word' id='word_1_78' title='bbox 368 1603 443 1664; x_wconf 90' lang='lat' dir='ltr'>viris</span> <span class='ocrx_word' id='word_1_79' title='bbox 466 1623 502 1664; x_wconf 93' lang='lat' dir='ltr'>ac</span> <span class='ocrx_word' id='word_1_80' title='bbox 526 1601 587 1664; x_wconf 87' lang='lat' dir='ltr'>fide</span> <span class='ocrx_word' id='word_1_81' title='bbox 612 1602 717 1683; x_wconf 84' lang='lat' dir='ltr'>dignis</span> <span class='ocrx_word' id='word_1_82' title='bbox 741 1601 927 1663; x_wconf 91' lang='lat' dir='ltr'>concivibus</span> <span class='ocrx_word' id='word_1_83' title='bbox 949 1603 1064 1664; x_wconf 89' lang='lat' dir='ltr'>nostris</span> <span class='ocrx_word' id='word_1_84' title='bbox 1081 1589 1188 1665; x_wconf 82' lang='lat' dir='ltr'>coram</span> <span class='ocrx_word' id='word_1_85' title='bbox 1207 1604 1299 1665; x_wconf 90' lang='lat' dir='ltr'>nobis</span> <span class='ocrx_word' id='word_1_86' title='bbox 1316 1603 1399 1664; x_wconf 90' lang='lat' dir='ltr'>clare</span> <span class='ocrx_word' id='word_1_87' title='bbox 1417 1614 1447 1664; x_wconf 92' lang='lat' dir='ltr'>et</span> <span class='ocrx_word' id='word_1_88' title='bbox 1464 1601 1634 1664; x_wconf 81' lang='lat' dir='ltr'>manifeste</span> 
     </span>
     <span class='ocr_line' id='line_1_11' title="bbox 368 1707 1635 1790; baseline -0.002 -20"><span class='ocrx_word' id='word_1_89' title='bbox 368 1709 587 1790; x_wconf 90' lang='lat' dir='ltr'>conprobavit.</span> <span class='ocrx_word' id='word_1_90' title='bbox 625 1707 832 1789; x_wconf 92' lang='lat' dir='ltr'>Quequidem</span> <span class='ocrx_word' id='word_1_91' title='bbox 867 1707 959 1769; x_wconf 92' lang='lat' dir='ltr'>vinea</span> <span class='ocrx_word' id='word_1_92' title='bbox 995 1709 1026 1770; x_wconf 93' lang='lat' dir='ltr'>in</span> <span class='ocrx_word' id='word_1_93' title='bbox 1061 1709 1220 1770; x_wconf 90' lang='lat' dir='ltr'>territorio</span> <span class='ocrx_word' id='word_1_94' title='bbox 1256 1723 1365 1771; x_wconf 91' lang='lat' dir='ltr'>nostro</span> <span class='ocrx_word' id='word_1_95' title='bbox 1402 1729 1459 1770; x_wconf 89' lang='lat' dir='ltr'>seu</span> <span class='ocrx_word' id='word_1_96' title='bbox 1494 1707 1635 1769; x_wconf 90' lang='lat' dir='ltr'>civitatis</span> 
     </span>
     <span class='ocr_line' id='line_1_12' title="bbox 368 1812 1633 1898; baseline -0.002 -22"><span class='ocrx_word' id='word_1_97' title='bbox 368 1813 487 1898; x_wconf 83' lang='lat' dir='ltr'>prefate</span> <span class='ocrx_word' id='word_1_98' title='bbox 513 1814 616 1876; x_wconf 86' lang='lat' dir='ltr'>existit</span> <span class='ocrx_word' id='word_1_99' title='bbox 640 1815 722 1876; x_wconf 90' lang='lat' dir='ltr'>inter</span> <span class='ocrx_word' id='word_1_100' title='bbox 745 1813 824 1875; x_wconf 87' lang='lat' dir='ltr'>duas</span> <span class='ocrx_word' id='word_1_101' title='bbox 844 1814 910 1874; x_wconf 90' lang='lat' dir='ltr'>vias</span> <span class='ocrx_word' id='word_1_102' title='bbox 932 1833 1120 1876; x_wconf 91' lang='lat' dir='ltr'>communes</span> <span class='ocrx_word' id='word_1_103' title='bbox 1138 1835 1156 1876; x_wconf 86' lang='lat' dir='ltr'>a</span> <span class='ocrx_word' id='word_1_104' title='bbox 1173 1815 1375 1876; x_wconf 82' lang='lat' dir='ltr'>meridionali</span> <span class='ocrx_word' id='word_1_105' title='bbox 1394 1827 1424 1875; x_wconf 95' lang='lat' dir='ltr'>et</span> <span class='ocrx_word' id='word_1_106' title='bbox 1440 1812 1633 1875; x_wconf 87' lang='lat' dir='ltr'>occidentali</span> 
     </span>
     <span class='ocr_line' id='line_1_13' title="bbox 371 1919 1637 2004; baseline -0.002 -22"><span class='ocrx_word' id='word_1_107' title='bbox 371 1919 513 2004; x_wconf 92' lang='lat' dir='ltr'>partibus</span> <span class='ocrx_word' id='word_1_108' title='bbox 537 1934 567 1982; x_wconf 91' lang='lat' dir='ltr'>et</span> <span class='ocrx_word' id='word_1_109' title='bbox 592 1921 673 1982; x_wconf 91' lang='lat' dir='ltr'>inter</span> <span class='ocrx_word' id='word_1_110' title='bbox 696 1921 809 1982; x_wconf 88' lang='lat' dir='ltr'>silvam</span> <span class='ocrx_word' id='word_1_111' title='bbox 834 1920 1000 2002; x_wconf 87' lang='lat' dir='ltr'>hospitalis</span> <span class='ocrx_word' id='word_1_112' title='bbox 1023 1921 1121 1982; x_wconf 92' lang='lat' dir='ltr'>nostri</span> <span class='ocrx_word' id='word_1_113' title='bbox 1147 1922 1238 1982; x_wconf 90' lang='lat' dir='ltr'>beate</span> <span class='ocrx_word' id='word_1_114' title='bbox 1256 1921 1355 1982; x_wconf 89' lang='lat' dir='ltr'>Marie</span> <span class='ocrx_word' id='word_1_115' title='bbox 1372 1920 1514 2002; x_wconf 87' lang='lat' dir='ltr'>virginis,</span> <span class='ocrx_word' id='word_1_116' title='bbox 1530 1941 1547 1981; x_wconf 88' lang='lat' dir='ltr'>a</span> <span class='ocrx_word' id='word_1_117' title='bbox 1564 1939 1637 2000; x_wconf 87' lang='lat' dir='ltr'>sep·</span> 
     </span>
     <span class='ocr_line' id='line_1_14' title="bbox 368 2025 1636 2110; baseline -0.004 -20"><span class='ocrx_word' id='word_1_118' title='bbox 368 2026 562 2090; x_wconf 91' lang='lat' dir='ltr'>temtrionali</span> <span class='ocrx_word' id='word_1_119' title='bbox 587 2039 674 2108; x_wconf 91' lang='lat' dir='ltr'>parte</span> <span class='ocrx_word' id='word_1_120' title='bbox 699 2040 729 2089; x_wconf 91' lang='lat' dir='ltr'>et</span> <span class='ocrx_word' id='word_1_121' title='bbox 752 2045 808 2110; x_wconf 92' lang='lat' dir='ltr'>per</span> <span class='ocrx_word' id='word_1_122' title='bbox 832 2026 967 2088; x_wconf 83' lang='lat' dir='ltr'>eandem</span> <span class='ocrx_word' id='word_1_123' title='bbox 984 2026 1125 2088; x_wconf 88' lang='lat' dir='ltr'>metham</span> <span class='ocrx_word' id='word_1_124' title='bbox 1141 2027 1317 2109; x_wconf 88' lang='lat' dir='ltr'>procedens</span> <span class='ocrx_word' id='word_1_125' title='bbox 1334 2025 1415 2088; x_wconf 87' lang='lat' dir='ltr'>infra</span> <span class='ocrx_word' id='word_1_126' title='bbox 1431 2045 1488 2108; x_wconf 88' lang='lat' dir='ltr'>per</span> <span class='ocrx_word' id='word_1_127' title='bbox 1504 2026 1636 2086; x_wconf 89' lang='lat' dir='ltr'>arbores</span> 
     </span>
     <span class='ocr_line' id='line_1_15' title="bbox 368 2131 1635 2214; baseline -0.003 -20"><span class='ocrx_word' id='word_1_128' title='bbox 368 2133 515 2195; x_wconf 89' lang='lat' dir='ltr'>crucibus</span> <span class='ocrx_word' id='word_1_129' title='bbox 548 2133 697 2214; x_wconf 85' lang='lat' dir='ltr'>signatas,</span> <span class='ocrx_word' id='word_1_130' title='bbox 728 2133 873 2214; x_wconf 89' lang='lat' dir='ltr'>pervenit</span> <span class='ocrx_word' id='word_1_131' title='bbox 906 2132 938 2192; x_wconf 94' lang='lat' dir='ltr'>in</span> <span class='ocrx_word' id='word_1_132' title='bbox 970 2131 1105 2194; x_wconf 89' lang='lat' dir='ltr'>fluvium</span> <span class='ocrx_word' id='word_1_133' title='bbox 1129 2134 1252 2194; x_wconf 89' lang='lat' dir='ltr'>Zernak</span> <span class='ocrx_word' id='word_1_134' title='bbox 1278 2133 1397 2194; x_wconf 90' lang='lat' dir='ltr'>dictum</span> <span class='ocrx_word' id='word_1_135' title='bbox 1423 2135 1461 2194; x_wconf 90' lang='lat' dir='ltr'>ab</span> <span class='ocrx_word' id='word_1_136' title='bbox 1486 2131 1635 2194; x_wconf 88' lang='lat' dir='ltr'>orientali</span> 
     </span>
     <span class='ocr_line' id='line_1_16' title="bbox 368 2237 1637 2322; baseline -0.003 -22"><span class='ocrx_word' id='word_1_137' title='bbox 368 2253 456 2322; x_wconf 89' lang='lat' dir='ltr'>parte</span> <span class='ocrx_word' id='word_1_138' title='bbox 487 2252 518 2300; x_wconf 94' lang='lat' dir='ltr'>et</span> <span class='ocrx_word' id='word_1_139' title='bbox 541 2259 559 2300; x_wconf 87' lang='lat' dir='ltr'>s</span> <span class='ocrx_word' id='word_1_140' title='bbox 582 2238 724 2320; x_wconf 87' lang='lat' dir='ltr'>predicta</span> <span class='ocrx_word' id='word_1_141' title='bbox 757 2237 960 2300; x_wconf 88' lang='lat' dir='ltr'>meridionali</span> <span class='ocrx_word' id='word_1_142' title='bbox 993 2251 1081 2320; x_wconf 89' lang='lat' dir='ltr'>parte</span> <span class='ocrx_word' id='word_1_143' title='bbox 1111 2239 1192 2300; x_wconf 92' lang='lat' dir='ltr'>inter</span> <span class='ocrx_word' id='word_1_144' title='bbox 1215 2239 1379 2319; x_wconf 90' lang='lat' dir='ltr'>quoddam</span> <span class='ocrx_word' id='word_1_145' title='bbox 1405 2238 1579 2320; x_wconf 85' lang='lat' dir='ltr'>virgultum</span> <span class='ocrx_word' id='word_1_146' title='bbox 1604 2249 1637 2297; x_wconf 93' lang='lat' dir='ltr'>et</span> 
     </span>
     <span class='ocr_line' id='line_1_17' title="bbox 368 2342 1635 2406; baseline -0.003 0"><span class='ocrx_word' id='word_1_147' title='bbox 368 2345 495 2406; x_wconf 85' lang='lat' dir='ltr'>vineam</span> <span class='ocrx_word' id='word_1_148' title='bbox 529 2344 684 2406; x_wconf 86' lang='lat' dir='ltr'>desertam</span> <span class='ocrx_word' id='word_1_149' title='bbox 718 2343 872 2405; x_wconf 90' lang='lat' dir='ltr'>heredum</span> <span class='ocrx_word' id='word_1_150' title='bbox 904 2364 961 2405; x_wconf 89' lang='lat' dir='ltr'>seu</span> <span class='ocrx_word' id='word_1_151' title='bbox 984 2363 1202 2406; x_wconf 89' lang='lat' dir='ltr'>successorum</span> <span class='ocrx_word' id='word_1_152' title='bbox 1227 2345 1365 2406; x_wconf 91' lang='lat' dir='ltr'>condam</span> <span class='ocrx_word' id='word_1_153' title='bbox 1386 2343 1566 2405; x_wconf 89' lang='lat' dir='ltr'>Domkonis</span> <span class='ocrx_word' id='word_1_154' title='bbox 1594 2342 1635 2402; x_wconf 90' lang='lat' dir='ltr'>de</span> 
     </span>
     <span class='ocr_line' id='line_1_18' title="bbox 367 2449 1636 2532; baseline -0.002 -20"><span class='ocrx_word' id='word_1_155' title='bbox 367 2451 559 2513; x_wconf 88' lang='lat' dir='ltr'>Werhowcz</span> <span class='ocrx_word' id='word_1_156' title='bbox 584 2449 728 2512; x_wconf 86' lang='lat' dir='ltr'>habitam</span> <span class='ocrx_word' id='word_1_157' title='bbox 754 2463 783 2512; x_wconf 91' lang='lat' dir='ltr'>et</span> <span class='ocrx_word' id='word_1_158' title='bbox 801 2451 997 2530; x_wconf 85' lang='lat' dir='ltr'>existentem,</span> <span class='ocrx_word' id='word_1_159' title='bbox 1015 2451 1120 2532; x_wconf 88' lang='lat' dir='ltr'>ipsum</span> <span class='ocrx_word' id='word_1_160' title='bbox 1137 2452 1256 2513; x_wconf 89' lang='lat' dir='ltr'>scilicet</span> <span class='ocrx_word' id='word_1_161' title='bbox 1273 2451 1410 2512; x_wconf 88' lang='lat' dir='ltr'>condam</span> <span class='ocrx_word' id='word_1_162' title='bbox 1426 2450 1636 2512; x_wconf 90' lang='lat' dir='ltr'>Valentinum</span> 
     </span>
     <span class='ocr_line' id='line_1_19' title="bbox 373 2555 1635 2640; baseline -0.002 -21"><span class='ocrx_word' id='word_1_163' title='bbox 373 2557 495 2620; x_wconf 88' lang='lat' dir='ltr'>Pethko</span> <span class='ocrx_word' id='word_1_164' title='bbox 527 2556 648 2618; x_wconf 91' lang='lat' dir='ltr'>dictum</span> <span class='ocrx_word' id='word_1_165' title='bbox 680 2556 747 2638; x_wconf 88' lang='lat' dir='ltr'>jure</span> <span class='ocrx_word' id='word_1_166' title='bbox 780 2557 968 2619; x_wconf 89' lang='lat' dir='ltr'>donacionis</span> <span class='ocrx_word' id='word_1_167' title='bbox 995 2571 1025 2620; x_wconf 91' lang='lat' dir='ltr'>et</span> <span class='ocrx_word' id='word_1_168' title='bbox 1048 2558 1280 2640; x_wconf 91' lang='lat' dir='ltr'>propriacionis</span> <span class='ocrx_word' id='word_1_169' title='bbox 1303 2579 1320 2620; x_wconf 87' lang='lat' dir='ltr'>a</span> <span class='ocrx_word' id='word_1_170' title='bbox 1345 2557 1482 2619; x_wconf 91' lang='lat' dir='ltr'>condam</span> <span class='ocrx_word' id='word_1_171' title='bbox 1507 2555 1635 2632; x_wconf 89' lang='lat' dir='ltr'>Vrsula‚</span> 
     </span>
     <span class='ocr_line' id='line_1_20' title="bbox 370 2662 1637 2746; baseline -0.002 -21"><span class='ocrx_word' id='word_1_172' title='bbox 370 2677 470 2725; x_wconf 88' lang='lat' dir='ltr'>matre</span> <span class='ocrx_word' id='word_1_173' title='bbox 501 2683 557 2725; x_wconf 86' lang='lat' dir='ltr'>sua</span> <span class='ocrx_word' id='word_1_174' title='bbox 589 2663 751 2745; x_wconf 87' lang='lat' dir='ltr'>adoptiva,</span> <span class='ocrx_word' id='word_1_175' title='bbox 785 2677 1042 2742; x_wconf 77' lang='lat' dir='ltr'>conternantem,</span> <span class='ocrx_word' id='word_1_176' title='bbox 1075 2678 1170 2746; x_wconf 92' lang='lat' dir='ltr'>prout</span> <span class='ocrx_word' id='word_1_177' title='bbox 1199 2663 1260 2726; x_wconf 92' lang='lat' dir='ltr'>hoc</span> <span class='ocrx_word' id='word_1_178' title='bbox 1292 2665 1324 2724; x_wconf 92' lang='lat' dir='ltr'>in</span> <span class='ocrx_word' id='word_1_179' title='bbox 1358 2663 1496 2744; x_wconf 88' lang='lat' dir='ltr'>quadam</span> <span class='ocrx_word' id='word_1_180' title='bbox 1530 2662 1637 2723; x_wconf 89' lang='lat' dir='ltr'>littera</span> 
     </span>
     <span class='ocr_line' id='line_1_21' title="bbox 370 2767 1638 2852; baseline -0.002 -20"><span class='ocrx_word' id='word_1_181' title='bbox 370 2783 477 2832; x_wconf 91' lang='lat' dir='ltr'>nostra</span> <span class='ocrx_word' id='word_1_182' title='bbox 501 2789 557 2831; x_wconf 87' lang='lat' dir='ltr'>seu</span> <span class='ocrx_word' id='word_1_183' title='bbox 582 2769 717 2831; x_wconf 86' lang='lat' dir='ltr'>civitatis</span> <span class='ocrx_word' id='word_1_184' title='bbox 741 2767 862 2852; x_wconf 86' lang='lat' dir='ltr'>prefate</span> <span class='ocrx_word' id='word_1_185' title='bbox 886 2770 1078 2852; x_wconf 87' lang='lat' dir='ltr'>privilegiali</span> <span class='ocrx_word' id='word_1_186' title='bbox 1102 2782 1246 2852; x_wconf 90' lang='lat' dir='ltr'>tempore</span> <span class='ocrx_word' id='word_1_187' title='bbox 1271 2769 1429 2852; x_wconf 85' lang='lat' dir='ltr'>judicatus</span> <span class='ocrx_word' id='word_1_188' title='bbox 1453 2768 1580 2852; x_wconf 92' lang='lat' dir='ltr'>providi</span> <span class='ocrx_word' id='word_1_189' title='bbox 1605 2781 1638 2830; x_wconf 90' lang='lat' dir='ltr'>et</span> 
     </span>
     <span class='ocr_line' id='line_1_22' title="bbox 370 2875 1636 2956; baseline -0.002 -18"><span class='ocrx_word' id='word_1_190' title='bbox 370 2876 494 2938; x_wconf 88' lang='lat' dir='ltr'>honesti</span> <span class='ocrx_word' id='word_1_191' title='bbox 528 2875 666 2938; x_wconf 91' lang='lat' dir='ltr'>condam</span> <span class='ocrx_word' id='word_1_192' title='bbox 699 2876 828 2954; x_wconf 87' lang='lat' dir='ltr'>Mathei,</span> <span class='ocrx_word' id='word_1_193' title='bbox 856 2875 912 2937; x_wconf 89' lang='lat' dir='ltr'>filii</span> <span class='ocrx_word' id='word_1_194' title='bbox 946 2876 1097 2956; x_wconf 87' lang='lat' dir='ltr'>Ladislai,</span> <span class='ocrx_word' id='word_1_195' title='bbox 1120 2876 1159 2937; x_wconf 95' lang='lat' dir='ltr'>de</span> <span class='ocrx_word' id='word_1_196' title='bbox 1192 2895 1278 2938; x_wconf 90' lang='lat' dir='ltr'>auno</span> <span class='ocrx_word' id='word_1_197' title='bbox 1310 2876 1433 2938; x_wconf 90' lang='lat' dir='ltr'>domini</span> <span class='ocrx_word' id='word_1_198' title='bbox 1459 2875 1636 2936; x_wconf 89' lang='lat' dir='ltr'>millesimo</span> 
     </span>
     <span class='ocr_line' id='line_1_23' title="bbox 370 2982 1637 3065; baseline -0.002 -21"><span class='ocrx_word' id='word_1_199' title='bbox 370 2983 686 3064; x_wconf 88' lang='lat' dir='ltr'>quadringentesimo</span> <span class='ocrx_word' id='word_1_200' title='bbox 711 2982 920 3064; x_wconf 85' lang='lat' dir='ltr'>nonagesimo</span> <span class='ocrx_word' id='word_1_201' title='bbox 944 2996 1032 3045; x_wconf 89' lang='lat' dir='ltr'>sexto</span> <span class='ocrx_word' id='word_1_202' title='bbox 1053 2983 1116 3044; x_wconf 88' lang='lat' dir='ltr'>iam</span> <span class='ocrx_word' id='word_1_203' title='bbox 1140 2982 1263 3044; x_wconf 92' lang='lat' dir='ltr'>dudum</span> <span class='ocrx_word' id='word_1_204' title='bbox 1280 2983 1446 3065; x_wconf 91' lang='lat' dir='ltr'>preteritis,</span> <span class='ocrx_word' id='word_1_205' title='bbox 1470 3000 1528 3064; x_wconf 92' lang='lat' dir='ltr'>pro</span> <span class='ocrx_word' id='word_1_206' title='bbox 1545 2995 1637 3063; x_wconf 90' lang='lat' dir='ltr'>parte</span> 
     </span>
     <span class='ocr_line' id='line_1_24' title="bbox 369 3087 1636 3172; baseline -0.002 -22"><span class='ocrx_word' id='word_1_207' title='bbox 369 3089 468 3171; x_wconf 89' lang='lat' dir='ltr'>ipsius</span> <span class='ocrx_word' id='word_1_208' title='bbox 498 3089 635 3151; x_wconf 92' lang='lat' dir='ltr'>condam</span> <span class='ocrx_word' id='word_1_209' title='bbox 663 3089 825 3151; x_wconf 89' lang='lat' dir='ltr'>Valentini</span> <span class='ocrx_word' id='word_1_210' title='bbox 857 3089 1028 3172; x_wconf 90' lang='lat' dir='ltr'>superinde</span> <span class='ocrx_word' id='word_1_211' title='bbox 1062 3087 1204 3151; x_wconf 89' lang='lat' dir='ltr'>conlecta</span> <span class='ocrx_word' id='word_1_212' title='bbox 1230 3102 1261 3150; x_wconf 92' lang='lat' dir='ltr'>et</span> <span class='ocrx_word' id='word_1_213' title='bbox 1285 3103 1442 3170; x_wconf 81' lang='lat' dir='ltr'>emanata,</span> <span class='ocrx_word' id='word_1_214' title='bbox 1465 3109 1501 3150; x_wconf 90' lang='lat' dir='ltr'>ac</span> <span class='ocrx_word' id='word_1_215' title='bbox 1525 3106 1636 3149; x_wconf 88' lang='lat' dir='ltr'>coram</span> 
     </span>
     <span class='ocr_line' id='line_1_25' title="bbox 369 3194 1636 3278; baseline -0.002 -22"><span class='ocrx_word' id='word_1_216' title='bbox 369 3195 462 3256; x_wconf 91' lang='lat' dir='ltr'>nobis</span> <span class='ocrx_word' id='word_1_217' title='bbox 486 3197 518 3256; x_wconf 90' lang='lat' dir='ltr'>in</span> <span class='ocrx_word' id='word_1_218' title='bbox 543 3196 647 3278; x_wconf 89' lang='lat' dir='ltr'>specie</span> <span class='ocrx_word' id='word_1_219' title='bbox 672 3194 811 3257; x_wconf 85' lang='lat' dir='ltr'>exhibita</span> <span class='ocrx_word' id='word_1_220' title='bbox 839 3209 870 3258; x_wconf 91' lang='lat' dir='ltr'>et</span> <span class='ocrx_word' id='word_1_221' title='bbox 898 3196 1111 3257; x_wconf 89' lang='lat' dir='ltr'>demonstrata</span> <span class='ocrx_word' id='word_1_222' title='bbox 1136 3195 1198 3256; x_wconf 88' lang='lat' dir='ltr'>tide</span> <span class='ocrx_word' id='word_1_223' title='bbox 1223 3215 1368 3277; x_wconf 85' lang='lat' dir='ltr'>expresse</span> <span class='ocrx_word' id='word_1_224' title='bbox 1392 3195 1533 3256; x_wconf 90' lang='lat' dir='ltr'>vidimus</span> <span class='ocrx_word' id='word_1_225' title='bbox 1558 3213 1636 3255; x_wconf 91' lang='lat' dir='ltr'>con·</span> 
     </span>
     <span class='ocr_line' id='line_1_26' title="bbox 369 3299 1637 3383; baseline -0.002 -21"><span class='ocrx_word' id='word_1_226' title='bbox 369 3301 462 3362; x_wconf 89' lang='lat' dir='ltr'>tineri</span> <span class='ocrx_word' id='word_1_227' title='bbox 492 3302 628 3381; x_wconf 90' lang='lat' dir='ltr'>oculata,</span> <span class='ocrx_word' id='word_1_228' title='bbox 651 3301 747 3363; x_wconf 86' lang='lat' dir='ltr'>simul</span> <span class='ocrx_word' id='word_1_229' title='bbox 776 3321 847 3364; x_wconf 94' lang='lat' dir='ltr'>cum</span> <span class='ocrx_word' id='word_1_230' title='bbox 877 3303 1028 3364; x_wconf 91' lang='lat' dir='ltr'>omnibus</span> <span class='ocrx_word' id='word_1_231' title='bbox 1059 3301 1201 3363; x_wconf 90' lang='lat' dir='ltr'>eiusdem</span> <span class='ocrx_word' id='word_1_232' title='bbox 1226 3321 1262 3362; x_wconf 89' lang='lat' dir='ltr'>ac</span> <span class='ocrx_word' id='word_1_233' title='bbox 1287 3301 1454 3363; x_wconf 89' lang='lat' dir='ltr'>cuiusdam</span> <span class='ocrx_word' id='word_1_234' title='bbox 1477 3299 1637 3383; x_wconf 89' lang='lat' dir='ltr'>particule</span> 
     </span>
     <span class='ocr_line' id='line_1_27' title="bbox 371 3407 1639 3490; baseline 0 -23"><span class='ocrx_word' id='word_1_235' title='bbox 371 3407 450 3468; x_wconf 90' lang='lat' dir='ltr'>silve</span> <span class='ocrx_word' id='word_1_236' title='bbox 467 3407 572 3469; x_wconf 91' lang='lat' dir='ltr'>eidem</span> <span class='ocrx_word' id='word_1_237' title='bbox 590 3408 682 3469; x_wconf 92' lang='lat' dir='ltr'>vinee</span> <span class='ocrx_word' id='word_1_238' title='bbox 699 3408 873 3471; x_wconf 86' lang='lat' dir='ltr'>adiacentis</span> <span class='ocrx_word' id='word_1_239' title='bbox 890 3409 1089 3488; x_wconf 88' lang='lat' dir='ltr'>utilitatibus,</span> <span class='ocrx_word' id='word_1_240' title='bbox 1106 3407 1240 3490; x_wconf 88' lang='lat' dir='ltr'>juribus,</span> <span class='ocrx_word' id='word_1_241' title='bbox 1257 3408 1378 3487; x_wconf 91' lang='lat' dir='ltr'>usibus,</span> <span class='ocrx_word' id='word_1_242' title='bbox 1390 3407 1639 3489; x_wconf 82' lang='lat' dir='ltr'>integritatibus,</span> 
     </span>
     <span class='ocr_line' id='line_1_28' title="bbox 370 3513 1638 3596; baseline 0 -22"><span class='ocrx_word' id='word_1_243' title='bbox 370 3525 401 3574; x_wconf 91' lang='lat' dir='ltr'>et</span> <span class='ocrx_word' id='word_1_244' title='bbox 430 3514 636 3595; x_wconf 88' lang='lat' dir='ltr'>pertinenciis</span> <span class='ocrx_word' id='word_1_245' title='bbox 669 3515 826 3576; x_wconf 88' lang='lat' dir='ltr'>universis</span> <span class='ocrx_word' id='word_1_246' title='bbox 857 3527 1035 3576; x_wconf 88' lang='lat' dir='ltr'>memorato</span> <span class='ocrx_word' id='word_1_247' title='bbox 1068 3527 1099 3576; x_wconf 93' lang='lat' dir='ltr'>et</span> <span class='ocrx_word' id='word_1_248' title='bbox 1122 3513 1259 3596; x_wconf 92' lang='lat' dir='ltr'>provido</span> <span class='ocrx_word' id='word_1_249' title='bbox 1282 3514 1351 3575; x_wconf 91' lang='lat' dir='ltr'>viro</span> <span class='ocrx_word' id='word_1_250' title='bbox 1375 3514 1446 3574; x_wconf 90' lang='lat' dir='ltr'>Elie</span> <span class='ocrx_word' id='word_1_251' title='bbox 1471 3513 1510 3574; x_wconf 86' lang='lat' dir='ltr'>de</span> <span class='ocrx_word' id='word_1_252' title='bbox 1534 3513 1638 3595; x_wconf 79' lang='lat' dir='ltr'>Czyr-</span> 
     </span>
     <span class='ocr_line' id='line_1_29' title="bbox 370 3619 1639 3704; baseline 0.002 -24"><span class='ocrx_word' id='word_1_253' title='bbox 370 3619 503 3700; x_wconf 90' lang='lat' dir='ltr'>quische</span> <span class='ocrx_word' id='word_1_254' title='bbox 536 3641 572 3682; x_wconf 85' lang='lat' dir='ltr'>ac</span> <span class='ocrx_word' id='word_1_255' title='bbox 604 3640 660 3702; x_wconf 90' lang='lat' dir='ltr'>per</span> <span class='ocrx_word' id='word_1_256' title='bbox 693 3619 791 3704; x_wconf 88' lang='lat' dir='ltr'>(eum)</span> <span class='ocrx_word' id='word_1_257' title='bbox 823 3622 887 3682; x_wconf 92' lang='lat' dir='ltr'>suis</span> <span class='ocrx_word' id='word_1_258' title='bbox 920 3621 1092 3683; x_wconf 89' lang='lat' dir='ltr'>heredibus</span> <span class='ocrx_word' id='word_1_259' title='bbox 1119 3641 1178 3704; x_wconf 92' lang='lat' dir='ltr'>pro</span> <span class='ocrx_word' id='word_1_260' title='bbox 1200 3621 1329 3684; x_wconf 88' lang='lat' dir='ltr'>florenis</span> <span class='ocrx_word' id='word_1_261' title='bbox 1352 3642 1416 3699; x_wconf 88' lang='lat' dir='ltr'>sex,</span> <span class='ocrx_word' id='word_1_262' title='bbox 1441 3635 1536 3704; x_wconf 93' lang='lat' dir='ltr'>prout</span> <span class='ocrx_word' id='word_1_263' title='bbox 1560 3621 1639 3683; x_wconf 91' lang='lat' dir='ltr'>dicti</span> 
     </span>
     <span class='ocr_line' id='line_1_30' title="bbox 370 3724 1639 3810; baseline 0.003 -25"><span class='ocrx_word' id='word_1_264' title='bbox 370 3725 428 3786; x_wconf 90' lang='lat' dir='ltr'>viri</span> <span class='ocrx_word' id='word_1_265' title='bbox 459 3724 614 3806; x_wconf 90' lang='lat' dir='ltr'>fidedigni</span> <span class='ocrx_word' id='word_1_266' title='bbox 646 3745 754 3788; x_wconf 91' lang='lat' dir='ltr'>coram</span> <span class='ocrx_word' id='word_1_267' title='bbox 787 3727 880 3788; x_wconf 89' lang='lat' dir='ltr'>nobis</span> <span class='ocrx_word' id='word_1_268' title='bbox 912 3728 1099 3806; x_wconf 89' lang='lat' dir='ltr'>retulerunt,</span> <span class='ocrx_word' id='word_1_269' title='bbox 1123 3747 1180 3810; x_wconf 90' lang='lat' dir='ltr'>per</span> <span class='ocrx_word' id='word_1_270' title='bbox 1211 3727 1350 3790; x_wconf 91' lang='lat' dir='ltr'>eundem</span> <span class='ocrx_word' id='word_1_271' title='bbox 1383 3728 1488 3790; x_wconf 89' lang='lat' dir='ltr'>Eliam</span> <span class='ocrx_word' id='word_1_272' title='bbox 1512 3727 1639 3810; x_wconf 89' lang='lat' dir='ltr'>prelato</span> 
     </span>
     <span class='ocr_line' id='line_1_31' title="bbox 369 3831 1640 3917; baseline 0.003 -25"><span class='ocrx_word' id='word_1_273' title='bbox 369 3831 541 3893; x_wconf 90' lang='lat' dir='ltr'>Valentino</span> <span class='ocrx_word' id='word_1_274' title='bbox 567 3831 689 3893; x_wconf 88' lang='lat' dir='ltr'>Pethko</span> <span class='ocrx_word' id='word_1_275' title='bbox 714 3833 809 3910; x_wconf 92' lang='lat' dir='ltr'>dict0‚</span> <span class='ocrx_word' id='word_1_276' title='bbox 827 3833 891 3914; x_wconf 84' lang='lat' dir='ltr'>jam</span> <span class='ocrx_word' id='word_1_277' title='bbox 913 3834 1009 3917; x_wconf 89' lang='lat' dir='ltr'>plene</span> <span class='ocrx_word' id='word_1_278' title='bbox 1033 3834 1114 3897; x_wconf 87' lang='lat' dir='ltr'>datis</span> <span class='ocrx_word' id='word_1_279' title='bbox 1137 3847 1169 3896; x_wconf 87' lang='lat' dir='ltr'>et</span> <span class='ocrx_word' id='word_1_280' title='bbox 1192 3834 1364 3917; x_wconf 89' lang='lat' dir='ltr'>persolutis</span> <span class='ocrx_word' id='word_1_281' title='bbox 1387 3833 1584 3896; x_wconf 86' lang='lat' dir='ltr'>vendidisset</span> <span class='ocrx_word' id='word_1_282' title='bbox 1608 3848 1640 3896; x_wconf 89' lang='lat' dir='ltr'>et</span> 
     </span>
     <span class='ocr_line' id='line_1_32' title="bbox 370 3939 1642 4022; baseline 0.002 -23"><span class='ocrx_word' id='word_1_283' title='bbox 370 3939 566 4018; x_wconf 91' lang='lat' dir='ltr'>contulisset,</span> <span class='ocrx_word' id='word_1_284' title='bbox 592 3939 692 4001; x_wconf 91' lang='lat' dir='ltr'>immo</span> <span class='ocrx_word' id='word_1_285' title='bbox 724 3959 761 4000; x_wconf 91' lang='lat' dir='ltr'>ex</span> <span class='ocrx_word' id='word_1_286' title='bbox 793 3959 950 4014; x_wconf 76' lang='lat' dir='ltr'>consensu</span> <span class='ocrx_word' id='word_1_287' title='bbox 982 3941 1162 4002; x_wconf 91' lang='lat' dir='ltr'>vicinorum</span> <span class='ocrx_word' id='word_1_288' title='bbox 1193 3941 1409 4022; x_wconf 88' lang='lat' dir='ltr'>predictorum</span> <span class='ocrx_word' id='word_1_289' title='bbox 1438 3940 1584 4002; x_wconf 91' lang='lat' dir='ltr'>vendidit</span> <span class='ocrx_word' id='word_1_290' title='bbox 1608 3953 1642 4002; x_wconf 92' lang='lat' dir='ltr'>et</span> 
     </span>
     <span class='ocr_line' id='line_1_33' title="bbox 370 4045 1639 4128; baseline 0.002 -23"><span class='ocrx_word' id='word_1_291' title='bbox 370 4045 507 4106; x_wconf 88' lang='lat' dir='ltr'>contulit</span> <span class='ocrx_word' id='word_1_292' title='bbox 545 4064 652 4107; x_wconf 87' lang='lat' dir='ltr'>coram</span> <span class='ocrx_word' id='word_1_293' title='bbox 688 4045 782 4106; x_wconf 92' lang='lat' dir='ltr'>nobis</span> <span class='ocrx_word' id='word_1_294' title='bbox 817 4045 884 4126; x_wconf 87' lang='lat' dir='ltr'>jure</span> <span class='ocrx_word' id='word_1_295' title='bbox 919 4061 1074 4128; x_wconf 91' lang='lat' dir='ltr'>perpetuo</span> <span class='ocrx_word' id='word_1_296' title='bbox 1107 4060 1137 4110; x_wconf 91' lang='lat' dir='ltr'>et</span> <span class='ocrx_word' id='word_1_297' title='bbox 1169 4048 1420 4110; x_wconf 85' lang='lat' dir='ltr'>irrevocabiliter</span> <span class='ocrx_word' id='word_1_298' title='bbox 1452 4047 1639 4128; x_wconf 89' lang='lat' dir='ltr'>tenendam,</span> 
     </span>
     <span class='ocr_line' id='line_1_34' title="bbox 371 4150 1641 4233; baseline 0.005 -23"><span class='ocrx_word' id='word_1_299' title='bbox 371 4150 598 4230; x_wconf 90' lang='lat' dir='ltr'>possidendam</span> <span class='ocrx_word' id='word_1_300' title='bbox 634 4151 751 4233; x_wconf 89' lang='lat' dir='ltr'>pariter</span> <span class='ocrx_word' id='word_1_301' title='bbox 786 4163 816 4212; x_wconf 92' lang='lat' dir='ltr'>et</span> <span class='ocrx_word' id='word_1_302' title='bbox 848 4151 1029 4214; x_wconf 89' lang='lat' dir='ltr'>habendam</span> <span class='ocrx_word' id='word_1_303' title='bbox 1060 4173 1095 4214; x_wconf 86' lang='lat' dir='ltr'>ac</span> <span class='ocrx_word' id='word_1_304' title='bbox 1128 4153 1214 4214; x_wconf 89' lang='lat' dir='ltr'>iuxta</span> <span class='ocrx_word' id='word_1_305' title='bbox 1245 4152 1470 4216; x_wconf 91' lang='lat' dir='ltr'>condicionem</span> <span class='ocrx_word' id='word_1_306' title='bbox 1502 4154 1641 4216; x_wconf 90' lang='lat' dir='ltr'>civitatis</span> 
     </span>
     <span class='ocr_line' id='line_1_35' title="bbox 370 4258 1640 4341; baseline 0.005 -26"><span class='ocrx_word' id='word_1_307' title='bbox 370 4269 535 4337; x_wconf 91' lang='lat' dir='ltr'>prenotate</span> <span class='ocrx_word' id='word_1_308' title='bbox 560 4259 599 4318; x_wconf 88' lang='lat' dir='ltr'>ab</span> <span class='ocrx_word' id='word_1_309' title='bbox 622 4258 755 4339; x_wconf 89' lang='lat' dir='ltr'>antiquo</span> <span class='ocrx_word' id='word_1_310' title='bbox 778 4258 1020 4339; x_wconf 87' lang='lat' dir='ltr'>privilegialiter</span> <span class='ocrx_word' id='word_1_311' title='bbox 1044 4261 1253 4341; x_wconf 88' lang='lat' dir='ltr'>approbatam</span> <span class='ocrx_word' id='word_1_312' title='bbox 1276 4279 1482 4341; x_wconf 89' lang='lat' dir='ltr'>quocumque</span> <span class='ocrx_word' id='word_1_313' title='bbox 1499 4261 1640 4322; x_wconf 92' lang='lat' dir='ltr'>voluerit</span> 
     </span>
     <span class='ocr_line' id='line_1_36' title="bbox 372 4359 1639 4448; baseline 0.006 -28"><span class='ocrx_word' id='word_1_314' title='bbox 372 4359 616 4442; x_wconf 88' lang='lat' dir='ltr'>disponendam.</span> <span class='ocrx_word' id='word_1_315' title='bbox 641 4363 674 4424; x_wconf 93' lang='lat' dir='ltr'>ln</span> <span class='ocrx_word' id='word_1_316' title='bbox 707 4363 796 4424; x_wconf 90' lang='lat' dir='ltr'>cuius</span> <span class='ocrx_word' id='word_1_317' title='bbox 827 4364 871 4425; x_wconf 92' lang='lat' dir='ltr'>rei</span> <span class='ocrx_word' id='word_1_318' title='bbox 903 4365 1104 4445; x_wconf 86' lang='lat' dir='ltr'>memoriam,</span> <span class='ocrx_word' id='word_1_319' title='bbox 1136 4366 1367 4446; x_wconf 89' lang='lat' dir='ltr'>testimonium,</span> <span class='ocrx_word' id='word_1_320' title='bbox 1390 4365 1639 4448; x_wconf 82' lang='lat' dir='ltr'>firmitatemque</span> 
     </span>
     <span class='ocr_line' id='line_1_37' title="bbox 371 4469 1639 4552; baseline 0.006 -25"><span class='ocrx_word' id='word_1_321' title='bbox 371 4481 557 4548; x_wconf 90' lang='lat' dir='ltr'>perpetuam</span> <span class='ocrx_word' id='word_1_322' title='bbox 582 4483 743 4550; x_wconf 90' lang='lat' dir='ltr'>presentes</span> <span class='ocrx_word' id='word_1_323' title='bbox 767 4469 886 4530; x_wconf 90' lang='lat' dir='ltr'>litteras</span> <span class='ocrx_word' id='word_1_324' title='bbox 910 4471 1016 4552; x_wconf 89' lang='lat' dir='ltr'>sigillo</span> <span class='ocrx_word' id='word_1_325' title='bbox 1041 4485 1149 4532; x_wconf 92' lang='lat' dir='ltr'>nostro</span> <span class='ocrx_word' id='word_1_326' title='bbox 1167 4473 1332 4534; x_wconf 92' lang='lat' dir='ltr'>communi</span> <span class='ocrx_word' id='word_1_327' title='bbox 1349 4474 1515 4534; x_wconf 88' lang='lat' dir='ltr'>roboratas</span> <span class='ocrx_word' id='word_1_328' title='bbox 1531 4474 1639 4536; x_wconf 89' lang='lat' dir='ltr'>eidem</span> 
     </span>
     <span class='ocr_line' id='line_1_38' title="bbox 373 4571 1640 4660; baseline 0.009 -30"><span class='ocrx_word' id='word_1_329' title='bbox 373 4571 521 4632; x_wconf 88' lang='lat' dir='ltr'>duximus</span> <span class='ocrx_word' id='word_1_330' title='bbox 546 4573 775 4636; x_wconf 86' lang='lat' dir='ltr'>concedendas.</span> <span class='ocrx_word' id='word_1_331' title='bbox 794 4574 912 4638; x_wconf 91' lang='lat' dir='ltr'>Datum</span> <span class='ocrx_word' id='word_1_332' title='bbox 936 4578 1046 4638; x_wconf 89' lang='lat' dir='ltr'>sabato</span> <span class='ocrx_word' id='word_1_333' title='bbox 1071 4578 1102 4638; x_wconf 91' lang='lat' dir='ltr'>in</span> <span class='ocrx_word' id='word_1_334' title='bbox 1127 4575 1269 4660; x_wconf 85' lang='lat' dir='ltr'>profesto</span> <span class='ocrx_word' id='word_1_335' title='bbox 1293 4578 1529 4660; x_wconf 87' lang='lat' dir='ltr'>purificacionis</span> <span class='ocrx_word' id='word_1_336' title='bbox 1547 4581 1640 4642; x_wconf 89' lang='lat' dir='ltr'>beate</span> 
     </span>
    </p>
   </div>
   <div class='ocr_carea' id='block_1_2' title="bbox 372 4677 1641 4862">
    <p class='ocr_par' dir='ltr' id='par_1_3' title="bbox 372 4677 1641 4862">
     <span class='ocr_line' id='line_1_39' title="bbox 373 4677 1641 4766; baseline 0.01 -30"><span class='ocrx_word' id='word_1_337' title='bbox 373 4677 472 4737; x_wconf 85' lang='lat' dir='ltr'>Marie</span> <span class='ocrx_word' id='word_1_338' title='bbox 512 4679 652 4758; x_wconf 88' lang='lat' dir='ltr'>virginis.</span> <span class='ocrx_word' id='word_1_339' title='bbox 700 4685 796 4742; x_wconf 88' lang='lat' dir='ltr'>Anno</span> <span class='ocrx_word' id='word_1_340' title='bbox 836 4681 960 4744; x_wconf 93' lang='lat' dir='ltr'>domini</span> <span class='ocrx_word' id='word_1_341' title='bbox 1001 4683 1173 4746; x_wconf 89' lang='lat' dir='ltr'>millesimo</span> <span class='ocrx_word' id='word_1_342' title='bbox 1212 4685 1470 4766; x_wconf 88' lang='lat' dir='ltr'>quingentesimo</span> <span class='ocrx_word' id='word_1_343' title='bbox 1511 4685 1641 4749; x_wconf 90' lang='lat' dir='ltr'>decimo</span> 
     </span>
     <span class='ocr_line' id='line_1_40' title="bbox 372 4800 487 4862; baseline 0.017 -20"><span class='ocrx_word' id='word_1_344' title='bbox 372 4800 487 4862; x_wconf 83' lang='lat' dir='ltr'>primo.</span> 
     </span>
    </p>
   </div>
   <div class='ocr_carea' id='block_1_3' title="bbox 375 4921 1641 5068">
    <p class='ocr_par' dir='ltr' id='par_1_4' title="bbox 375 4921 1641 5068">
     <span class='ocr_line' id='line_1_41' title="bbox 479 4921 1641 4997; baseline 0.015 -26"><span class='ocrx_word' id='word_1_345' title='bbox 479 4921 612 4987; x_wconf 82' lang='lat' dir='ltr'>originale</span> <span class='ocrx_word' id='word_1_346' title='bbox 632 4923 658 4976; x_wconf 92' lang='lat' dir='ltr'>in</span> <span class='ocrx_word' id='word_1_347' title='bbox 678 4929 869 4978; x_wconf 59' lang='lat' dir='ltr'>membranam</span> <span class='ocrx_word' id='word_1_348' title='bbox 887 4933 965 4994; x_wconf 85' lang='lat' dir='ltr'>tergo</span> <span class='ocrx_word' id='word_1_349' title='bbox 985 4929 1142 4992; x_wconf 89' lang='lat' dir='ltr'>impressum</span> <span class='ocrx_word' id='word_1_350' title='bbox 1162 4935 1203 4982; x_wconf 91' lang='lat' dir='ltr'>est</span> <span class='ocrx_word' id='word_1_351' title='bbox 1222 4932 1340 4997; x_wconf 87' lang='lat' dir='ltr'>sigillum</span> <span class='ocrx_word' id='word_1_352' title='bbox 1358 4933 1550 4986; x_wconf 65' lang='lat' dir='ltr'>communisda</span> <span class='ocrx_word' id='word_1_353' title='bbox 1569 4937 1641 4988; x_wconf 81' lang='lat' dir='ltr'>arch.</span> 
     </span>
     <span class='ocr_line' id='line_1_42' title="bbox 375 5009 898 5068; baseline 0.021 -11"><span class='ocrx_word' id='word_1_354' title='bbox 375 5009 433 5060; x_wconf 89' lang='lat' dir='ltr'>lnol.</span> <span class='ocrx_word' id='word_1_355' title='bbox 452 5009 545 5062; x_wconf 79' lang='lat' dir='ltr'>licead.</span> <span class='ocrx_word' id='word_1_356' title='bbox 567 5011 664 5065; x_wconf 89' lang='lat' dir='ltr'>Scient.</span> <span class='ocrx_word' id='word_1_357' title='bbox 685 5013 786 5068; x_wconf 83' lang='lat' dir='ltr'>Slavor.</span> <span class='ocrx_word' id='word_1_358' title='bbox 807 5017 898 5068; x_wconf 90' lang='lat' dir='ltr'>merid.</span> 
     </span>
    </p>
   </div>
   <div class='ocr_carea' id='block_1_4' title="bbox 0 0 1878 5802">
    <p class='ocr_par' dir='ltr' id='par_1_5' title="bbox 0 0 1878 5802">
     <span class='ocr_line' id='line_1_43' title="bbox 0 0 1878 5802; baseline 0 0"><span class='ocrx_word' id='word_1_359' title='bbox 0 0 1878 5802; x_wconf 95' lang='lat' dir='ltr'> </span> 
     </span>
    </p>
   </div>
  </div>
 </body>
</html>
