3732 5802
618 569 693 631 Doc.
718 581 787 647 135.
811 603 855 614 —
878 571 936 632 An.
961 568 1048 647 1516.
1405 591 1459 654 ¹7¹

196 797 280 859 natis
305 809 334 859 et
367 797 531 860 notamine
564 795 761 858 diversarum
794 797 1028 879 signaturarum
1062 800 1094 860 in
1126 799 1215 861 libris
1245 799 1466 861 vetustissimis

195 903 329 966 ecclesie
352 925 376 966 s.
401 903 485 985 regis
509 915 707 985 repertarum
723 915 754 965 et
770 903 987 968 inventarum.
1006 905 1096 985 Item,
1113 905 1306 968 violenciam
1324 906 1350 967 si
1369 905 1464 968 inter·

197 1010 352 1092 posuerit,
378 1011 410 1072 in
435 1009 533 1092 priori
558 1021 631 1072 actu
654 1009 693 1072 de
718 1029 755 1072 ea
777 1009 859 1072 nihil
879 1009 954 1092 egit,
971 1011 996 1072 si
1021 1010 1100 1094 quid
1117 1023 1305 1094 attemptare
1320 1031 1463 1094 presum-

196 1116 254 1178 mit
278 1129 310 1178 et
333 1117 412 1196 vult,
438 1116 478 1178 de
502 1135 589 1179 novo
613 1115 764 1199 requirat,
789 1135 897 1179 coram
913 1117 1062 1180 dominio
1078 1117 1357 1202 respondebimus.
1376 1117 1465 1198 ltem,

196 1242 295 1305 pensa
319 1235 351 1285 et
373 1221 524 1285 denarius
548 1221 627 1305 quid
652 1222 702 1302 sit,
730 1233 761 1284 et
784 1221 810 1284 si
834 1235 957 1284 mutare
982 1223 1060 1287 velit
1088 1224 1121 1286 in
1146 1224 1363 1306 ungaricalem
1396 1242 1465 1286 rno-

197 1341 316 1407 netam,
339 1328 400 1391 hoc
425 1342 472 1390 est
494 1327 655 1405 solidum3
680 1329 713 1390 in
729 1329 834 1411 prima
850 1329 1005 1392 instancia
1022 1329 1064 1392 ad
1081 1329 1158 1392 istos
1174 1331 1257 1394 duos
1280 1343 1368 1392 actus
1384 1328 1465 1391 nihil

197 1433 238 1496 ad
261 1434 465 1516 propositum
497 1434 667 1517 produxit;
699 1433 725 1496 si
760 1447 903 1498 coartare
934 1435 1090 1518 inceperit
1122 1455 1229 1499 coram
1258 1436 1403 1520 patronis
1437 1447 1469 1498 et

197 1540 339 1603 dominis
373 1541 490 1620 nostris
512 1541 755 1623 graciosissimis
786 1541 1064 1623 respondebimus.
1096 1543 1173 1608 ltem
1206 1562 1370 1625 expensas,
1400 1562 1464 1624 que

197 1645 286 1708 domi
310 1659 384 1711 ante
408 1647 570 1710 sentencie
591 1647 812 1730 prolacionem
837 1645 917 1710 lacte
941 1662 1016 1711 sunt
1030 1648 1103 1728 sibi,
1120 1649 1238 1712 intuitu
1255 1648 1464 1712 dominorum

196 1765 379 1815 nostrorum
402 1753 623 1835 graciosorum
646 1753 836 1834 relaxamus,
860 1767 895 1816 ut
917 1754 1113 1818 tollerandas
1138 1755 1361 1838 protullerunt.
1388 1754 1465 1816 ltem

197 1859 272 1940 quia
296 1860 489 1922 asentencia
502 1859 633 1942 capituli
649 1859 824 1942 appellavit
839 1859 879 1922 ad
896 1859 1017 1922 curiam
1034 1859 1210 1942 legacionis
1226 1873 1257 1923 et
1274 1860 1319 1922 ibi
1338 1859 1465 1922 nullum

196 1965 347 2048 produxit
370 1979 487 2046 actum,
512 1965 586 2028 lecit
610 1967 744 2028 innanes
767 1965 835 2028 fieri
862 1985 1026 2049 expensas,
1051 1967 1205 2029 coartavit
1221 1985 1328 2029 emere
1353 1983 1466 2048 equos,

197 2071 303 2151 sellas,
329 2070 451 2152 fenum,
474 2073 630 2156 pabulum
647 2072 681 2134 in
705 2072 896 2150 nutriendo;
921 2071 1098 2136 cotidianas
1122 2092 1276 2155 expensas
1292 2072 1395 2135 solvat
1410 2090 1467 2153 per

197 2197 271 2240 eum
296 2179 390 2241 nobis
414 2179 528 2258 illatas,
554 2199 634 2261 quas
658 2179 865 2262 exposuimus
889 2178 929 2241 ad
959 2179 1080 2242 curiam
1104 2179 1281 2261 legacionis
1304 2176 1412 2241 eundo
1436 2190 1468 2240 et

198 2284 374 2347 redeundo.
399 2286 477 2347 ltem
502 2305 560 2368 pro
585 2305 683 2347 censu
707 2304 816 2347 annuo
841 2285 895 2348 ille
920 2285 1073 2348 articulus
1104 2305 1161 2348 seu
1193 2285 1337 2348 clausula
1369 2283 1466 2347 rumi-

199 2401 303 2469 netur,
327 2403 478 2473 pensetur
500 2405 532 2453 et
556 2391 738 2453 attendatur
770 2391 826 2453 ubi
857 2403 996 2470 cavetur,
1028 2391 1054 2452 si
1086 2391 1290 2474 prebendarii
1323 2391 1363 2454 sd
1396 2389 1466 2454 XV.

199 2495 286 2558 diem
302 2496 363 2559 sibi
380 2517 512 2560 censum
529 2517 594 2560 non
612 2497 774 2560 solverent
787 2499 935 2560 amittant
947 2499 1193 2581 possessionem,
1213 2497 1287 2562 ideo
1299 2517 1466 2562 enumera-

199 2615 247 2664 tas
262 2623 377 2686 pensas
392 2604 425 2666 in
441 2603 619 2686 privilegiis
635 2615 801 2666 contentas
826 2624 1031 2686 nequaquam
1046 2605 1156 2667 Vestre
1172 2604 1347 2667 reverende
1361 2604 1465 2668 domi-

200 2709 351 2772 naciones
361 2729 419 2792 pro
430 2723 536 2772 nostra
550 2710 759 2794 oppressione
773 2711 832 2794 ipsi
846 2723 1053 2792 augmentare
1070 2711 1180 2789 velint,
1197 2711 1257 2772 nisi
1275 2712 1334 2772 sub
1351 2711 1464 2773 eadem

198 2815 296 2897 priori
321 2815 488 2879 solucione
512 2815 683 2878 solvendas
707 2816 905 2899 relinquatis.
929 2816 1008 2878 ltem
1031 2815 1162 2878 tandem
1179 2829 1353 2898 pensentur
1368 2815 1467 2880 reior-

199 2922 361 2985 msciones
384 2941 490 2984 annus
515 2923 615 3006 ipsius
637 2923 754 3002 balnei,
778 2922 833 2985 ubi
859 2941 1026 3004 nunquam
1050 2922 1139 2985 deest
1163 2921 1365 3002 reformacio,
1382 2943 1467 2986 nunc

199 3028 231 3090 in
254 3048 360 3107 muro,
384 3049 470 3092 nunc
495 3030 527 3092 in
552 3030 749 3113 pavimento,
774 3029 806 3092 in
831 3028 986 3108 fenestris,
1012 3029 1044 3090 in
1073 3029 1202 3109 caldari,
1227 3029 1260 3091 in
1284 3041 1416 3108 tectura,
1440 3029 1466 3090 si

199 3155 299 3197 unum
323 3135 525 3214 reformatur,
550 3135 711 3217 reliquum
736 3135 768 3197 in
799 3135 927 3198 ruinam
960 3134 1053 3198 cadit.
1086 3135 1163 3198 ltem
1198 3135 1321 3216 reliqua
1355 3155 1388 3197 se
1419 3155 1466 3198 se·

200 3242 335 3324 quencia
358 3255 442 3304 stant
458 3242 491 3304 in
509 3241 664 3304 industria
687 3241 815 3324 piorum
832 3254 863 3303 et
878 3241 1098 3323 graciosorum
1115 3253 1325 3323 patronorum
1343 3255 1466 3305 nostro·

199 3368 268 3411 rum
293 3361 513 3431 protectorum
538 3362 569 3410 et
591 3361 735 3410 tutorum
759 3347 1059 3410 archidiaconorum
1084 3347 1218 3410 ecclesie
1242 3347 1466 3430 zagrabiensis.

303 3489 331 3541 ln
350 3490 441 3541 charta
460 3489 584 3555 simplici.
605 3489 632 3541 ln
652 3490 723 3542 arch.
743 3489 920 3542 Praebendsr.
940 3489 1049 3555 zagrab.

791 3771 873 3839 135.

302 3931 380 3982 Anno
403 3931 478 3984 1516.
499 3931 521 3984 5.
543 3933 700 3984 decenbris.
721 3919 841 3984 Cannae.

203 4061 342 4118 Canania
361 4059 520 4134 ds'gnt'tarii
544 4060 667 4134 capituli
704 4041 863 4118 c'asmensu
893 4057 1033 4136 parochis
1056 4059 1225 4136 quidusdam
1256 4059 1401 4133 nuntiant,
1438 4065 1472 4115 ut

190 4167 335 4226 mndata
357 4173 469 4240 accepto
483 4168 684 4242 praepositum
713 4185 737 4227 s.
762 4167 863 4224 Moris
884 4166 919 4225 de
948 4167 1049 4226 balneo
1076 4164 1202 4240 lingrbso
1234 4167 1264 4221 in
1288 4165 1343 4240 jus
1375 4165 1468 4225 citent.

302 4304 440 4370 Michael
465 4321 575 4370 cantor
599 4319 630 4370 et
654 4305 800 4370 Matheus
823 4320 939 4387 custos,
957 4307 1221 4384 locumtenentes,
1234 4305 1381 4368 canonici
1399 4304 1464 4367 col·

196 4411 312 4494 legiate
336 4413 468 4476 ecclesie
493 4433 517 4476 s.
542 4413 672 4496 spiritus
696 4412 900 4492 chasmensis,
932 4411 1148 4496 zagrabiensis
1179 4410 1325 4490 diocesis,
1352 4431 1388 4473 ac
1412 4430 1469 4493 per

196 4517 422 4580 sanctissmum
446 4519 479 4581 in
515 4517 644 4582 Christo
680 4533 802 4602 patrem
832 4531 863 4580 et
897 4518 1080 4598 dominum,
1116 4517 1286 4580 dominum
1321 4527 1465 4579 nostrum

198 4626 354 4704 Leonem,
379 4623 487 4687 divina
510 4624 719 4709 providencia
754 4644 870 4708 papam
904 4625 1077 4704 decimum,
1102 4623 1134 4686 in
1167 4643 1260 4685 causa
1293 4636 1324 4685 et
1355 4623 1469 4690 causiss

197 4731 424 4814 appellationis
447 4750 504 4794 seu
528 4731 783 4815 appellationum
807 4751 843 4793 ac
865 4731 1004 4814 partium
1021 4729 1306 4813 infrascriptarum,
1325 4749 1397 4791 cum
1415 4729 1469 4791 illa

197 4837 334 4900 clasula:
351 4837 412 4900 »Et
428 4857 540 4901 eorum
565 4837 716 4902 cuilibet«
731 4837 853 4920 judices
875 4837 1056 4920 specialiter
1071 4835 1226 4919 deputati.
1240 4835 1327 4899 Univ
1341 4835 1418 4898 ersis
1442 4847 1473 4896 et
1536 4909 1539 4916 ¹

197 4945 333 5027 singulis
356 4944 595 5007 venerabilibus
619 4959 650 5007 et
674 4944 842 5027 religiosis,
858 4942 1103 5005 honorabilibus
1121 4955 1152 5006 et
1166 4941 1309 5003 discretis
1329 4941 1469 5004 dominis

197 5052 375 5131 abbatibus,
387 5051 559 5134 prioribus,
569 5050 749 5133 prepositis,
758 5049 941 5128 lectoribus,
950 5049 1146 5128 cantoribus,
1157 5047 1354 5126 custodibus,
1364 5045 1465 5110 archi-
