3732 5802
440 591 482 652 70
867 571 940 630 Dac.
957 564 1008 629 66.
1028 603 1070 612 -
1095 571 1151 629 An.
1170 566 1260 644 1508.

440 799 465 859 si
497 818 560 879 qua
592 796 673 859 foret
706 798 787 858 inter
818 798 913 879 ipsos,
939 817 1004 858 non
1035 798 1191 877 obstante,
1215 799 1412 860 insinuantes
1440 801 1561 862 ibidem
1586 801 1704 880 eidem,

440 917 475 966 ut
497 906 563 966 sive
588 905 655 986 ipsa
679 905 799 967 octavis
821 905 853 965 in
873 905 1053 986 prescriptis
1077 923 1184 965 coram
1201 905 1292 966 dictis
1309 907 1397 986 regni
1415 908 1514 968 nostri
1532 907 1705 968 Sclauonie

442 1012 531 1072 banis
562 1025 755 1094 compareat,
780 1029 965 1091 novumque
999 1009 1155 1091 judicium
1186 1012 1317 1093 recipiat
1347 1013 1414 1074 sive
1438 1033 1515 1092 non,
1540 1014 1640 1074 iidem
1665 1014 1706 1075 ad

441 1120 537 1200 partis
570 1119 783 1200 comparentis
816 1117 1001 1178 instanciam
1035 1117 1067 1177 id
1100 1115 1217 1178 facient
1241 1110 1272 1178 in
1296 1119 1468 1200 premissis,
1493 1120 1581 1201 quod
1607 1120 1706 1181 dicta-

441 1225 521 1286 verit
544 1225 624 1286 ordo
648 1224 735 1304 juris.
761 1224 801 1284 Et
824 1237 896 1305 post
919 1223 976 1284 hec
1001 1223 1186 1284 huiusmodi
1209 1225 1411 1286 evocacionis
1427 1239 1458 1286 et
1474 1226 1707 1288 insinuationis

441 1332 553 1392 seriem
575 1351 647 1391 curn
668 1343 797 1391 evocate
817 1343 848 1391 et
865 1330 1022 1390 insinuate
1041 1330 1181 1409 nomine,
1199 1344 1325 1392 octavas
1342 1331 1382 1392 ad
1399 1333 1566 1413 predictas,
1583 1334 1706 1395 eisdem

443 1437 530 1518 regni
568 1437 665 1498 nostri
703 1436 874 1498 Sclauonie
907 1436 997 1496 banis
1027 1455 1117 1497 more
1150 1435 1245 1497 solito
1276 1438 1464 1499 rescribatis.
1500 1439 1707 1500 Presentibus

442 1543 599 1626 perlectis,
627 1542 789 1604 exhibenti
821 1543 982 1604 restitutis.
1010 1541 1128 1602 Datum
1153 1541 1243 1603 Bude
1278 1541 1355 1604 feria
1389 1544 1528 1606 secunda
1560 1547 1707 1626 proxima

442 1665 514 1733 post
544 1648 660 1712 festum
691 1650 886 1710 sanctissime
918 1648 1095 1710 Trinitatis.
1120 1653 1216 1710 Anno
1250 1649 1373 1710 domini
1405 1651 1579 1713 millesimo
1612 1653 1707 1733 quin-

442 1759 620 1841 gentesimo
648 1771 772 1820 octavo.

1054 1843 1186 1906 Relacio
1209 1845 1350 1926 magistri
1375 1843 1516 1928 Philippi
1540 1849 1706 1930 prepositi,

1114 1934 1273 1995 secretarii
1297 1935 1382 2016 regie
1407 1934 1592 1997 Maiestatis.

548 2075 684 2141 Originale
704 2077 729 2126 io
748 2077 846 2140 charta,
857 2077 881 2126 in
901 2075 1019 2141 margine
1039 2075 1156 2127 inferiori
1177 2077 1334 2141 inpressum
1354 2083 1396 2128 est
1414 2078 1540 2143 sigillum.
1559 2078 1587 2130 ln
1608 2081 1705 2131 archiv.

443 2166 524 2218 inclit.
543 2165 637 2218 decad.
657 2163 753 2215 Sciant.
774 2162 877 2218 Slavor.
897 2164 988 2216 merid.

1044 2413 1106 2478 66.

549 2579 622 2628 Anno
647 2577 721 2639 1508,
741 2575 765 2628 5.
785 2575 898 2640 augusti.
918 2574 1015 2625 Budae.

446 2705 584 2764 Matthiae
596 2705 696 2776 Hung.
709 2705 785 2775 regis
801 2703 921 2776 litterae,
935 2701 1038 2775 quibus
1052 2701 1250 2759 communitati
1259 2699 1386 2758 civitatis
1397 2701 1509 2775 natta,
1530 2682 1708 2779 omme,

444 2814 539 2886 Bitek,
570 2818 682 2884 ereptae
707 2809 903 2882 possessiones,
926 2807 1054 2864 redditae
1080 2815 1156 2876 sunt,
1179 2825 1199 2862 a
1229 2803 1376 2864 Vladislaa
1397 2827 1466 2886 rege
1487 2809 1709 2880 confirmantur.

551 2951 618 3012 Nos
649 2947 847 3009 Wladislaus
882 2946 934 3007 dei
969 2947 1075 3026 gracia
1111 2965 1164 3006 rex
1200 2945 1365 3026 Hungarie
1400 2959 1431 3008 et
1463 2946 1620 3009 Bohemie
1651 2963 1709 3010 etc.

448 3057 603 3121 Memorie
642 3053 907 3115 commendamus
945 3064 1056 3113 tenore
1094 3051 1295 3134 presencium
1331 3050 1557 3132 significantes,
1593 3054 1710 3134 quibus

446 3163 573 3247 expedit
596 3161 762 3223 universis.
787 3159 884 3232 Quod
911 3177 969 3240 pro
993 3171 1080 3239 parte
1104 3171 1135 3219 et
1158 3158 1190 3218 in
1207 3157 1350 3239 personis
1365 3155 1510 3219 fidelium
1526 3172 1710 3221 nostrorum

447 3271 641 3357 prudennrm
672 3281 703 3327 et
736 3267 1038 3346 circumspectorum
1062 3263 1176 3344 judicis
1200 3277 1231 3325 et
1254 3263 1441 3344 juratorum,
1465 3279 1710 3347 ceterorumque

447 3379 565 3442 civium
600 3395 636 3436 ac
671 3374 773 3434 tocius
808 3371 1046 3433 communitatis
1081 3371 1216 3431 civitatis
1250 3384 1356 3432 nostre
1392 3371 1510 3432 montis
1542 3371 1711 3434 Grecensis

448 3484 586 3546 exhibite
614 3493 687 3541 sunt
711 3477 754 3560 (et
777 3491 954 3560 presentate
979 3497 1085 3538 corani
1111 3491 1217 3538 nostra
1242 3476 1417 3558 Maiestate)
1442 3477 1583 3558 quedam
1607 3478 1710 3540 littere

449 3587 677 3651 donacionales
707 3583 898 3645 serenissimi
930 3582 1082 3664 principis
1110 3581 1247 3643 condam
1268 3581 1390 3643 domini
1413 3581 1533 3643 Mathie
1558 3584 1643 3665 regis
1666 3584 1711 3644 in·

448 3693 579 3757 mediati
603 3689 835 3773 predecessoris
859 3689 957 3749 nostri
982 3689 1014 3748 in
1038 3708 1245 3770 pargameno,
1269 3687 1441 3769 sigilloque
1465 3689 1611 3750 eiusdem
1637 3710 1710 3751 con·

449 3801 540 3878 lecte,
564 3799 681 3880 quibus
705 3795 920 3856 mediantibus
945 3795 1030 3856 idem
1055 3795 1191 3856 condam
1216 3794 1367 3854 dominus
1391 3793 1536 3877 Mathyas
1561 3815 1616 3855 rex
1639 3816 1710 3878 pos·

448 3907 604 3969 sessiones
627 3904 770 3984 ipsorum
793 3901 911 3962 civium
936 3913 1118 3962 nostrorum
1145 3900 1290 3986 Dedych,
1315 3899 1563 3979 Chernomercz,
1588 3902 1711 3984 Bythelt

450 4027 480 4075 et
492 4013 615 4073 Nowak
632 4022 768 4085 vocatas,
782 4007 915 4068 omnino
933 4007 965 4066 in
983 4006 1141 4067 territorio
1160 4006 1243 4067 dicte
1261 4006 1395 4068 civitatis
1409 4021 1515 4068 nostre
1533 4008 1712 4086 existentes,

448 4120 582 4196 habitas,
606 4129 636 4178 et
667 4116 795 4196 insuper
824 4113 988 4194 quoddam
1020 4113 1138 4174 vadum
1172 4113 1338 4195 Kyralrew
1368 4127 1527 4193 vocatum,
1551 4115 1585 4175 in
1614 4115 1712 4177 fluvio

451 4227 546 4287 Zawe
577 4222 722 4284 habitum
753 4233 784 4280 et
816 4220 856 4281 ad
888 4233 1025 4281 castrum
1050 4219 1175 4281 Medwe
1208 4232 1356 4280 vocaturn
1380 4219 1554 4300 pertinens,
1578 4220 1620 4282 de
1645 4223 1712 4304 ipso

451 4345 551 4393 castro
575 4327 850 4409 sequestrandum,
867 4326 987 4388 eisdem
1014 4326 1135 4386 civibus
1159 4325 1274 4386 nostris
1297 4339 1328 4386 et
1350 4324 1529 4407 hospitibus
1552 4325 1625 4408 (nec
1649 4348 1713 4388 non

450 4437 508 4498 toti
533 4434 753 4497 communitati
777 4433 896 4494 civium
918 4431 1146 4514 predictorum)
1164 4452 1200 4492 ex
1217 4432 1319 4493 causis
1336 4445 1367 4494 et
1382 4431 1565 4494 racionibus
1582 4432 1714 4494 inferius

452 4543 484 4603 in
516 4556 627 4604 tenore
656 4539 829 4601 earundem
861 4539 1038 4600 litterarum
1070 4537 1185 4598 clarius
1217 4539 1375 4599 contentis
1408 4551 1438 4599 et
1462 4538 1651 4621 specificatis
1675 4539 1713 4600 de

452 4668 537 4709 novo
562 4648 594 4708 in
618 4659 808 4728 perpetuum
841 4645 976 4722 dedisse,
1001 4645 1203 4725 donasseque
1227 4657 1257 4705 et
1281 4645 1453 4706 contulisse
1477 4644 1714 4723 dinoscebatur,

451 4754 570 4814 tenoris
601 4751 801 4833 infrascripti.
827 4751 1049 4833 Supplicatum
1081 4752 1188 4832 itaque
1220 4751 1322 4812 extitit
1353 4751 1510 4812 Maiestati
1541 4765 1648 4813 nostre
1680 4752 1713 4812 in

453 4859 595 4941 personis
627 4857 816 4919 eorumdem
847 4858 970 4940 judicis,
1002 4857 1179 4939 juratorum
1211 4877 1246 4917 ac
1278 4857 1498 4918 universorum
1532 4857 1651 4918 civium
1682 4870 1714 4917 et

454 4964 555 5026 tocius
576 4963 815 5024 communitatis
832 4964 914 5024 dicte
932 4964 1066 5025 civitatis
1083 4977 1188 5025 nostre
1205 4963 1323 5024 montis
1341 4962 1510 5024 Grecensis
1526 4962 1713 5041 humilliter,

454 5083 489 5133 ut
519 5070 646 5132 easdem
678 5071 797 5132 litteras
827 5070 901 5131 dicti
926 5071 1063 5131 condam
1088 5070 1211 5131 domini
1238 5069 1356 5130 Mathie
1380 5069 1463 5150 regis
1486 5069 1715 5130 donacionales
