3752 5806
530 567 600 630 Dac.
619 586 666 648 12,
693 588 730 650 ¹3
774 607 809 617 —
836 575 891 636 Aa,
917 587 1131 654 ajon-1502.
1430 597 1462 657 ¹5

196 796 309 878 prefati
333 799 524 879 exponentis
552 797 767 863 manifestum.
792 802 911 864 Datum
936 802 1030 864 Crisii
1056 817 1170 884 quarto
1195 805 1246 866 die
1272 805 1335 866 diei
1361 805 1465 887 inqui-

197 903 327 964 sitionis
350 917 529 986 prenotate.
545 909 641 968 Anno
665 907 789 969 domini
814 909 987 971 millesimo
1011 911 1271 992 quingentesimo
1295 911 1410 993 primo.

302 1044 441 1110 originale
461 1047 487 1097 in
507 1047 604 1098 charta.
626 1047 652 1098 ln
672 1049 770 1102 archiv.
790 1049 849 1102 incl.
872 1050 965 1102 decad.
988 1047 1086 1103 Sciant.
1107 1048 1201 1102 Slavor
1230 1051 1321 1104 merid.

806 1306 861 1371 12.

302 1417 378 1469 Anno
402 1417 475 1470 1501.

331 1545 595 1604 Conmemoranlur
615 1565 709 1605 amnes
721 1547 850 1620 parochi
869 1549 1069 1622 zagrabienses
1091 1551 1171 1608 illtics
1193 1551 1334 1624 temporis.

307 1683 454 1746 Thomas
477 1685 634 1768 plebanus
657 1707 682 1749 s.
699 1685 838 1748 Emerici
863 1687 896 1747 in
919 1707 991 1749 area
1016 1688 1182 1770 capitulari
1199 1689 1465 1772 amabiensi.-

197 1790 360 1852 Dominus
376 1792 532 1853 Martinus
547 1792 704 1874 plebanus
720 1793 760 1854 de
777 1805 887 1855 monte
906 1791 1069 1874 Grecensi,
1080 1813 1154 1856 cum
1170 1795 1272 1857 tribus
1288 1795 1464 1878 capellanis

196 1896 271 1958 suis.
297 1931 341 1942 -
365 1897 517 1978 Magister
541 1897 718 1980 Gregorius
740 1899 899 1981 plebanus
922 1920 946 1962 s.
964 1899 1135 1978 lobannis;
1158 1901 1321 1980 Nicolaus,
1340 1900 1464 1963 Antho-

196 2003 279 2082 nius,
312 2001 485 2084 Georgius,
518 2003 690 2084 lohannes,
724 2004 874 2086 Michael,
906 2005 1045 2068 altariste
1077 2005 1209 2069 ibidem.
1235 2039 1276 2060 a
1305 2007 1464 2086 Vrbanus,

196 2123 300 2170 rector
323 2109 502 2192 hospitalis.
526 2145 567 2156 —-
592 2111 791 2191 Franciscus,
815 2111 973 2194 plebanus
996 2133 1019 2174 s.
1044 2111 1201 2174 Anthonii
1226 2112 1264 2173 de
1289 2113 1361 2174 vico
1379 2113 1465 2174 Lati-

195 2235 323 2279 norum.
348 2251 392 2261 -
416 2215 538 2296 Petrus,
561 2217 719 2299 plebanus
741 2239 765 2280 s.
791 2218 1002 2299 Margaretbe.

125 2433 136 2456 ⁸
298 2358 358 2410 Act.
386 2358 450 2422 Cap.
476 2365 528 2410 ant.
557 2358 620 2410 iasa.
649 2359 680 2408 67
710 2373 747 2412 nr.
774 2360 798 2412 6.
825 2357 993 2424 ›Registram
1017 2360 1200 2424 plebanorum,
1235 2357 1413 2410 altaristarum
1433 2372 1464 2408 ac

195 2453 347 2499 ceterorum
367 2449 583 2512 presbyterorum
603 2447 717 2498 diecesis
737 2445 946 2513 aagrabieosisc.
967 2446 1072 2499 Starine
1091 2447 1131 2498 lv.
1151 2462 1211 2512 pag.
1233 2447 1292 2499 209.

803 2721 876 2800 1³„

298 2882 377 2932 Anno
400 2881 474 2945 1502,
497 2881 535 2930 10.
552 2880 673 2946 januarii.
694 2879 849 2946 Zagrabiae.

198 3011 306 3068 (aram
330 3009 506 3080 magistram
527 3005 655 3066 ct'oilatis
687 3008 789 3064 montis
814 3006 969 3066 Grccensis
992 3005 1105 3062 Helena
1128 3013 1216 3062 ritorto
1240 3005 1337 3063 Blasii
1362 3007 1462 3080 sreni-

189 3117 274 3190 paris
289 3115 415 3173 ariluata
437 3113 548 3170 domum
570 3131 653 3170 suam
676 3129 738 3170 cum
760 3113 854 3184 funilo
878 3113 1069 3187 aedificiisque
1088 3118 1118 3170 et
1131 3113 1220 3168 Antra
1242 3107 1363 3170 datram
1379 3131 1461 3170 suam

300 3222 333 3277 in
357 3221 504 3277 territorio
526 3217 654 3278 civitatis
676 3220 764 3278 silum
787 3217 929 3276 Malloea
958 3216 1048 3276 Seoer
1068 3218 1202 3290 carnifici
1224 3217 1355 3276 vendant.

301 3358 372 3419 Nos
389 3356 561 3435 lohannes,
577 3356 662 3418 filius
678 3355 844 3436 Anthonii,
862 3355 967 3437 judex,
979 3355 1079 3432 Hans,
1096 3354 1295 3432 Valentinus,
1314 3352 1461 3432 Michael,

194 3465 365 3542 Martinus,
398 3462 533 3542 Blasius‚
564 3463 686 3541 Petrus,
720 3461 881 3524 lohannes
912 3473 944 3522 et
975 3461 1136 3522 Fabianus
1160 3459 1264 3540 jurati,
1288 3459 1461 3520 consiliarii

194 3584 226 3634 et
255 3569 399 3632 universi
431 3569 516 3630 cives
539 3569 675 3630 civitatis
700 3567 990 3649 Montisgrecensis.
1016 3565 1172 3628 Memoria
1197 3563 1461 3626 commendamus

193 3691 307 3738 tenore
346 3675 547 3756 presencium
581 3672 806 3754 significantes,
840 3673 957 3752 quibus
997 3669 1125 3753 expedit
1162 3669 1335 3731 universis:
1372 3669 1459 3750 quod

195 3782 332 3866 provida
357 3781 473 3842 mulier
496 3781 586 3842 leika
608 3792 732 3858 vocata,
756 3798 887 3841 consors
910 3797 985 3839 vero
1006 3777 1162 3858 legittima
1180 3775 1276 3836 Blasii
1294 3774 1461 3856 freniparis

194 3890 274 3951 alias
304 3887 447 3950 concivis
477 3886 588 3964 nostri,
615 3905 723 3946 coram
755 3885 848 3946 nobis
880 3881 1090 3966 personaliter
1123 3881 1296 3942 constituta
1328 3879 1460 3940 oraculo

195 3996 267 4057 vive
292 3994 381 4056 vocis
404 4013 460 4054 sue
483 4005 597 4075 sponte
614 3990 758 4053 consessa
776 4002 823 4052 est
839 3990 871 4051 in
887 3989 973 4051 hunc
990 3987 1142 4050 modum:
1162 3999 1196 4048 ut
1213 3987 1280 4068 ipsa
1297 3983 1459 4066 quandam

195 4101 331 4162 domum
363 4118 454 4160 suam
485 4097 617 4159 totalem
650 4097 746 4158 simul
777 4115 850 4157 cum
879 4092 981 4155 fundo
1016 4106 1047 4155 et
1071 4091 1204 4154 edificiis
1232 4090 1331 4172 lignei
1354 4089 1460 4171 operis

195 4207 226 4268 in
260 4206 345 4266 dicta
379 4204 505 4265 civitate
537 4202 619 4265 inter
653 4201 768 4264 domos
803 4199 929 4283 providi
962 4199 1022 4260 viri
1055 4197 1145 4259 Pauli
1178 4197 1283 4277 lgercz
1319 4196 1359 4257 ab
1396 4215 1458 4255 una

195 4311 345 4373 videlicet
379 4307 630 4391 septemtrionali
665 4309 706 4369 ab
741 4307 838 4368 altera
873 4325 949 4367 vero
983 4317 1070 4388 parte
1106 4303 1226 4364 scilicet
1253 4300 1458 4363 meridionali

194 4415 350 4478 heredum
375 4434 432 4476 seu
455 4432 673 4475 successorum
706 4412 844 4474 condam
869 4412 953 4473 Petri
971 4408 1174 4491 Berczkoych
1198 4408 1302 4486 sitam,
1318 4405 1459 4467 habitam

195 4538 226 4586 et
249 4523 450 4598 existentem,
471 4539 570 4582 unam
594 4521 627 4580 in
659 4531 729 4580 toto
753 4518 874 4579 curiam
907 4516 948 4578 ad
972 4535 1066 4577 usum
1099 4514 1182 4575 dicte
1207 4511 1342 4574 civitatis
1371 4511 1402 4572 in
1426 4531 1458 4572 se

194 4629 425 4704 continentem,
460 4626 562 4707 ipsam
597 4623 747 4686 videlicet
782 4623 903 4685 Jelkam
948 4621 1114 4683 mulierem
1152 4639 1170 4679 a
1205 4619 1273 4679 viro
1309 4615 1457 4699 provido,

194 4733 332 4796 condam
364 4733 472 4793 Marco
505 4731 649 4792 Kranecz
671 4729 766 4791 titulo
790 4727 967 4810 empcionis
999 4737 1256 4802 conternantem,
1279 4737 1375 4806 prout
1398 4722 1458 4784 hoc

194 4851 334 4922 pretacta
359 4837 475 4899 mulier
492 4837 581 4898 leika
605 4848 814 4898 vocatarum
838 4831 1008 4894 sufficienti
1032 4845 1063 4892 et
1086 4829 1249 4911 fidedigno
1273 4827 1458 4890 testimonio

194 4947 276 5009 clare
310 4958 342 5006 et
365 4943 483 5005 seriose
514 4941 747 5024 comprobavit,
771 4938 866 5001 simul
899 4957 973 5000 cum
997 4937 1148 4999 omnibus
1174 4935 1318 4996 eiusdem
1343 4933 1459 4994 domus

195 5065 224 5112 et
258 5051 363 5128 fundi,
395 5067 520 5108 necnon
558 5047 644 5108 curie
676 5060 707 5106 et
741 5044 975 5122 hedificiorum,
1007 5043 1112 5121 unius,
1145 5055 1179 5102 ut
1215 5040 1330 5100 dicitur
1361 5038 1458 5116 curie,
