3808 5792
646 593 719 653 Dec.
745 607 813 670 143.
837 625 879 636 -
903 593 961 652 An.
986 600 1070 668 1517.
1435 591 1490 652 181

229 817 312 880 dicte
336 818 473 880 civitatis
500 830 607 880 nostre
640 818 932 900 Montisgrecensis,
968 817 1207 900 familiaresque
1240 819 1395 902 ipsorum,
1426 840 1495 903 pre-

228 925 371 988 sencium
396 925 517 988 scilicet
549 937 740 1005 ostensores,
773 926 814 987 ad
846 925 1047 988 solucionem
1079 923 1264 988 huiusmodi
1299 927 1409 989 tributi
1440 947 1496 989 seu

228 1030 363 1094 thelonii
387 1031 479 1092 nullo
504 1031 603 1092 modo
628 1045 729 1093 artare
753 1052 809 1094 seu
835 1031 1029 1114 compellere
1053 1043 1108 1094 aut
1140 1031 1225 1113 ipsos
1261 1045 1430 1115 propterea
1463 1033 1495 1094 in

228 1138 382 1219 personis,
414 1139 575 1219 rebusque
611 1152 642 1200 et
678 1139 771 1200 bonis
795 1139 940 1222 ipsorum
972 1137 1139 1219 quibusvis
1167 1137 1336 1220 impedire,
1368 1140 1495 1200 turbare

228 1263 284 1304 seu
308 1243 400 1304 aliter
424 1244 540 1325 quovis
564 1243 664 1306 modo
689 1244 917 1327 dampnificare
942 1263 1102 1326 nusquam
1140 1257 1170 1306 et
1195 1263 1401 1326 nequaquam
1425 1264 1494 1327 pre-

228 1349 404 1411 summatis.
430 1350 494 1412 Ubi
518 1364 626 1412 autem
650 1351 809 1432 quispiam
834 1371 872 1412 ex
896 1350 988 1412 vobis
1019 1369 1110 1412 secus
1134 1350 1166 1410 in
1199 1351 1361 1433 premissis
1393 1349 1495 1413 iacere

229 1457 472 1537 attemptaverit,
497 1471 630 1519 extunc
655 1457 805 1518 volumus
829 1471 860 1519 et
892 1457 971 1519 serie
1003 1456 1205 1539 presencium
1239 1457 1376 1518 strictius
1409 1475 1494 1519 com-

228 1563 385 1624 mittimus
408 1561 558 1625 fidelibus
594 1563 710 1624 nostris
734 1563 907 1626 comitibus
930 1563 982 1626 vel
1006 1563 1248 1625 vicecomitibus
1276 1575 1307 1624 et
1335 1562 1496 1646 judicibus

231 1668 388 1730 nobilium
413 1668 544 1730 illorum
569 1669 814 1731 commitatuum
839 1670 871 1730 in
896 1670 1013 1752 quibus
1037 1667 1169 1732 sortasse
1193 1668 1380 1731 huiusmodi
1396 1673 1495 1731 'man-

230 1775 302 1836 data
326 1788 433 1836 nostra
458 1794 523 1836 non
548 1775 803 1854 observarentur,
821 1789 855 1837 ut
879 1775 938 1858 ipsi
955 1775 1031 1838 scita
1054 1775 1141 1857 prius
1164 1774 1392 1857 premissorum
1409 1795 1496 1838 mera

230 1881 370 1958 veritate,
396 1899 454 1940 vos
478 1893 509 1942 et
529 1881 707 1962 quemlibet
737 1895 878 1944 vestrum
902 1881 942 1942 ad
966 1881 1120 1964 premissa
1149 1879 1296 1943 iacienda
1327 1893 1358 1942 et
1388 1883 1495 1943 obser·

233 1986 339 2048 vanda
363 2006 428 2048 non
453 1987 521 2048 sine
546 1987 694 2070 dampnis
718 2000 749 2049 et
770 1988 1011 2069 gravaminibus
1034 1988 1146 2050 vestris
1162 1988 1278 2050 arctius
1301 1987 1497 2070 compellant

231 2105 262 2153 et
284 2093 472 2176 astringant,
496 2094 685 2156 auctoritate
709 2107 816 2156 nostra
842 2095 929 2176 regia
953 2095 1154 2177 presentibus
1178 2094 1254 2177 ipsis
1278 2095 1309 2156 in
1333 2093 1392 2156 hac
1408 2109 1496 2176 parte

233 2198 374 2281 plenarie
410 2199 560 2262 attributa
584 2219 621 2261 ac
644 2199 712 2282 jure
736 2213 767 2262 et
790 2201 915 2262 iusticia
939 2199 1111 2263 mediante.
1145 2199 1242 2262 Secus
1273 2200 1366 2262 nullo
1396 2201 1495 2262 modo

232 2303 355 2366 facturi.
385 2305 589 2368 Presentibus
614 2305 772 2388 perlectis,
797 2305 957 2370 exhibenti
992 2307 1153 2371 restitutis.
1178 2307 1295 2369 Datum
1328 2305 1419 2368 Bude
1443 2306 1496 2370 die

234 2411 397 2472 dominico
421 2413 569 2494 proximo
592 2427 664 2496 post
688 2409 804 2474 iestum
828 2414 1030 2476 sacratissimi
1063 2413 1205 2496 corporis
1238 2413 1368 2478 Christi.
1399 2417 1496 2475 Anno

234 2518 376 2580 eiusdem
401 2519 574 2582 millesimo
599 2520 858 2602 quingentesimo
880 2521 1016 2603 septimo
1041 2521 1178 2586 decimo.

345 2659 483 2725 Originale
512 2661 539 2711 in
568 2663 728 2724 membrana,
757 2661 782 2712 in
811 2659 927 2726 margine
957 2659 1076 2736 inieriqri
1112 2661 1271 2726 impressum
1302 2667 1344 2714 est
1372 2662 1496 2728 sigillum.

231 2748 257 2798 ln
276 2749 372 2801 archiv.
393 2748 453 2800 incl.
474 2751 572 2801 Accad.
591 2749 685 2802 scient.
705 2748 809 2802 Siavor.
829 2750 919 2801 merid.

818 3066 903 3132 143.

333 3211 408 3262 Anno
431 3209 504 3263 1517.
528 3211 567 3260 14.
584 3209 661 3276 Junii.
681 3208 708 3260 lu
728 3213 817 3260 castro
836 3206 915 3274 Zrinj.

229 3339 305 3412 Rege
320 3339 441 3414 jubente
463 3339 572 3396 Petrus
606 3337 776 3394 Berislaoil
803 3336 895 3393 banus
913 3335 1058 3410 pracepit?
1087 3336 1215 3408 capitulo
1249 3334 1440 3408 sagrabiensi,
1464 3341 1498 3390 ut

223 3453 280 3520 pro
302 3463 477 3520 unaquaque
493 3452 583 3518 porta
606 3444 744 3502 bononem
767 3443 841 3504 citra
864 3440 974 3500 &vum
1000 3442 1120 3500 silonem
1135 3455 1161 3518 3
1175 3441 1309 3498 denarios
1331 3440 1374 3497 ad
1385 3448 1494 3498 terram

684 3548 889 3624 defendendam
912 3549 1037 3608 exolvat.

334 3690 544 3752 Venerabiles
567 3709 603 3750 ac
635 3688 840 3750 honorabiles
871 3689 1007 3766 domini,
1031 3687 1142 3749 iratres
1175 3687 1209 3747 in
1242 3684 1370 3748 Christo
1401 3687 1495 3748 nobis

230 3797 349 3876 dilecti,
373 3797 520 3858 salutem.
552 3795 791 3858 Concluserunt
825 3795 877 3856 hic
911 3813 1018 3856 coram
1052 3794 1145 3855 nobis
1178 3791 1340 3874 magnifici
1370 3793 1493 3854 domini

231 3901 383 3964 Nicolaus
407 3901 445 3962 de
470 3903 554 3984 Zryn
579 3913 609 3963 et
633 3901 820 3962 Franciscus
844 3900 981 3983 Beryzlo
1005 3901 1044 3961 de
1068 3899 1181 3961 Dobor
1204 3899 1348 3979 comites,
1372 3913 1407 3960 ut
1434 3899 1493 3980 ipsi

231 4008 315 4069 iuxta
342 4007 539 4068 voluntatem
564 4007 649 4088 regie
675 4007 860 4085 Maiestatis,
885 4006 1008 4068 domini
1034 4005 1133 4068 nostri
1165 4005 1402 4086 graciosissimi,
1435 4025 1493 4087 pro

230 4115 328 4176 tutela
352 4128 383 4175 et
406 4113 580 4175 commodo
610 4113 704 4174 huius
735 4113 913 4175 miserrime
937 4114 1036 4195 patrie
1070 4113 1102 4173 in
1133 4111 1285 4174 omnibus
1317 4111 1405 4189 locis,
1437 4111 1493 4172 ubi

230 4221 443 4282 necessarium
467 4219 628 4281 videbitur
652 4219 812 4281 custodias
835 4220 900 4280 sive
925 4231 1203 4295 ztrasasteneant,
1225 4216 1264 4278 ad
1282 4236 1361 4298 quas
1382 4229 1492 4278 tenen-

231 4327 285 4389 das
310 4341 445 4408 uterque
469 4345 579 4387 eorum
606 4326 645 4388 de
669 4327 794 4407 singula
822 4339 913 4408 porta
938 4326 1098 4386 bonorum
1123 4343 1255 4385 suorum
1271 4322 1415 4403 singulos
1430 4335 1493 4384 tres

231 4433 379 4494 denarios
403 4433 605 4494 contribuere
630 4447 660 4493 et
684 4431 847 4493 extradere
872 4452 939 4493 sese
956 4430 1091 4506 obtulit,
1108 4429 1148 4491 ad
1166 4429 1254 4510 quod
1279 4448 1338 4490 nos
1362 4447 1493 4509 quoque

231 4539 464 4620 quinquaginta
488 4538 628 4601 florenos
659 4538 735 4599 dare
768 4538 904 4619 polliciti
932 4557 1053 4599 sumus.
1072 4536 1182 4610 Quum
1215 4535 1324 4616 itaque
1356 4534 1492 4616 speciale

231 4645 417 4706 mandatum
443 4645 481 4706 sit
506 4645 680 4706 Maiestatis
705 4645 801 4725 regie,
830 4659 865 4706 ut
898 4657 928 4706 et
951 4642 1162 4704 fraternitates
1193 4654 1294 4702 vestre
1328 4641 1368 4702 de
1400 4641 1493 4702 bonis

230 4771 340 4814 eorum
364 4753 441 4813 citra
465 4753 588 4813 Zauum
614 4751 729 4813 habitis
752 4751 937 4812 huiusmodi
961 4763 1023 4812 tres
1047 4749 1194 4811 denarios
1228 4748 1268 4809 ad
1291 4759 1357 4809 tam
1380 4767 1492 4830 prene-

230 4859 395 4922 cessariam
420 4878 486 4919 rem
511 4858 671 4936 exolvant,
694 4857 858 4919 hortamur
882 4871 912 4919 et
935 4856 1128 4937 requirimus
1152 4854 1281 4916 easdem
1305 4867 1336 4914 et
1357 4853 1492 4915 nichilo-

231 4966 335 5027 minus
360 4965 392 5026 in
416 4985 552 5048 persona
574 4965 660 5045 regie
687 4965 860 5025 Maiestatis
884 4964 929 5025 eis
960 4963 1199 5040 committimus,
1225 4975 1260 5022 ut
1292 4963 1376 5022 iuxta
1408 4961 1492 5022 limi·

231 5074 388 5135 tacionem
413 5073 556 5154 ipsorum
581 5073 787 5132 dominorum
823 5072 976 5132 comitum
1003 5089 1075 5131 cum
1107 5068 1356 5131 fraternitatibus
1381 5068 1492 5129 vestris
