3808 5792
831 474 905 532 Doc.
931 483 1000 548 179.
1024 506 1066 515 —
1091 474 1148 532 An.
1173 483 1261 550 1531.

1013 700 1095 768 179.

526 859 604 909 Anno
625 857 702 910 1523.
723 859 764 909 31.
788 857 858 910 mall.
879 858 975 909 Bndae.

427 986 592 1042 Ludoor'cus
617 986 659 1045 ll.
684 987 787 1060 Hung.
812 995 861 1045 elc.
884 1005 946 1054 rex,
969 983 1088 1043 Simoni
1117 986 1243 1058 episcopo
1274 984 1462 1056 zagrobiensi‚
1487 986 1602 1059 eiusque
1623 1005 1685 1044 suc-

468 1091 622 1148 cessoribus
644 1091 698 1147 dot
710 1093 766 1166 jus
782 1093 990 1164 praepositis.
1014 1091 1135 1148 Mariae
1155 1089 1326 1146 trominandi
1345 1097 1430 1163 atque
1444 1092 1641 1152 constituendi.

1075 1245 1235 1298 commissio
1255 1247 1363 1310 propria
1382 1247 1480 1298 domini
1500 1246 1582 1311 regis.

530 1337 597 1399 Nos
622 1338 807 1399 Ludouicus
831 1336 881 1399 dei
905 1337 1010 1417 gracia
1035 1356 1086 1398 rex
1113 1335 1278 1417 Hungarie
1303 1349 1334 1396 et
1357 1334 1511 1397 Bohemie
1536 1349 1594 1398 etc.
1619 1336 1685 1396 Me-

425 1444 525 1505 morie
551 1443 817 1505 commendamus
833 1442 944 1504 teno're
961 1442 1161 1524 presencium
1186 1440 1400 1522 significantes
1416 1442 1534 1523 quibus
1561 1443 1687 1524 expedit

424 1550 590 1637 universis.
614 1549 712 1622 Quod
736 1568 795 1610 nos
819 1569 854 1610 ex
881 1547 1100 1610 declaratione
1117 1547 1221 1609 fidelis
1245 1548 1343 1608 nostri
1361 1547 1528 1608 reverendi
1545 1548 1576 1608 in
1595 1547 1685 1609 Chri-

424 1669 473 1716 sto
498 1655 596 1737 patris
620 1654 742 1716 domini
770 1655 912 1716 Simonis
945 1654 996 1714 dei
1029 1667 1061 1714 et
1091 1653 1266 1735 apostolice
1297 1653 1381 1714 sedis
1411 1654 1517 1735 gracia
1548 1654 1687 1734 episcopi

426 1761 557 1822 ecclesie
581 1760 797 1841 zagrabiensis
822 1760 1048 1837 intelleximus,
1073 1760 1240 1841 quomodo
1273 1759 1512 1842 predecessores
1535 1760 1583 1820 sui
1609 1761 1688 1841 epis·

424 1868 495 1948 copi
521 1867 665 1928 eiusdem
701 1867 832 1928 ecclesie
857 1886 914 1927 sue
954 1865 1168 1947 zagrabiensis
1200 1865 1249 1945 jus
1280 1878 1465 1947 patronatus
1497 1878 1687 1947 perpetuum

427 1973 459 2034 in
484 1973 683 2054 prepositura
708 1971 785 2033 alias
817 1972 949 2033 abbacia
985 1972 1117 2032 ecclesie
1153 1971 1333 2032 beatissime
1367 1971 1465 2032 Marie
1498 1971 1629 2051 virginis
1658 1970 1689 2031 in

427 2097 499 2162 area
523 2078 655 2160 capituli
690 2077 834 2138 eiusdem
860 2076 994 2138 ecclesie
1029 2097 1085 2138 sue
1122 2077 1337 2158 zagrabiensis
1373 2075 1556 2138 habuissent
1587 2090 1618 2137 et
1651 2095 1690 2137 eo
1767 2123 1771 2132 ‚

427 2204 553 2267 semper
577 2183 709 2247 fuissent
733 2185 793 2262 usi,
818 2184 903 2246 idem
929 2205 1059 2266 quoque
1077 2184 1229 2246 dominus
1251 2184 1420 2266 episcopus
1436 2197 1576 2245 uteretur
1591 2183 1690 2243 eciam

429 2291 468 2352 ad
493 2310 641 2372 presens;
665 2289 721 2352 sed
746 2290 821 2372 quia
859 2290 964 2352 littere
999 2291 1064 2351 sive
1089 2289 1258 2372 privilegia
1282 2289 1322 2350 de
1353 2289 1538 2350 huiusmodi
1570 2287 1692 2370 jurepa·

428 2409 572 2458 tronatus
596 2409 759 2476 utcunque
784 2394 949 2477 deperdite
974 2411 1081 2457 essent
1104 2409 1135 2458 et
1148 2395 1274 2473 amissa,
1291 2395 1482 2476 supplicavit
1498 2395 1591 2456 nobis
1608 2395 1692 2454 idem

430 2502 581 2563 dominus
618 2501 788 2583 episcopus
823 2501 986 2563 humiliter
1011 2515 1042 2562 et
1066 2501 1251 2580 devote·,ut
1287 2501 1366 2561 illud
1401 2501 1505 2582 ipsum
1540 2499 1694 2582 juspatro-

430 2621 533 2685 natus,
559 2626 625 2688 quo
647 2608 715 2689 ipse
740 2622 770 2668 et
794 2608 869 2669 dicti
907 2608 1148 2690 predecessores
1183 2608 1231 2668 sui
1264 2621 1338 2668 sunt
1372 2607 1431 2685 usi,
1464 2620 1560 2688 atque
1593 2607 1693 2667 eciam

432 2733 516 2774 nunc
540 2713 606 2794 ipse
631 2726 783 2792 uteretur,
808 2713 847 2775 de
872 2733 958 2775 novo
982 2714 1012 2774 in
1039 2713 1179 2775 eundem
1203 2733 1240 2774 ac
1263 2732 1460 2773 successores
1483 2731 1558 2773 suos
1574 2713 1695 2793 episco-

430 2839 489 2901 pos
513 2818 633 2900 prefate
658 2819 791 2880 ecclesie
815 2839 871 2880 sue
905 2819 1120 2900 zagrabiensis
1154 2817 1323 2880 transferre
1356 2838 1392 2879 ac
1426 2817 1532 2878 eidem
1568 2833 1599 2878 et
1629 2817 1695 2878 suis

431 2925 580 3007 predictis
604 2907 840 2987 successoribus
864 2925 938 2986 dare
963 2937 994 2986 et
1017 2924 1194 2986 concedere
1218 2923 1435 3005 dignaremur.
1455 2923 1696 3005 Supplicatione

432 3031 540 3110 itaque
564 3029 696 3110 predicti
723 3030 847 3091 domini
872 3029 1025 3112 episcopi,
1058 3029 1245 3110 meritisque
1270 3043 1301 3090 et
1323 3029 1495 3090 virtutibus
1518 3027 1697 3111 ac‘precla-

433 3135 565 3196 tissimis
588 3135 687 3217 animi
714 3133 854 3214 dotibus,
879 3136 997 3216 quibus
1030 3135 1168 3196 eundem
1194 3135 1316 3216 pollere
1351 3135 1533 3216 accepimus
1564 3134 1696 3212 inducti,

433 3242 572 3302 maxime
596 3260 672 3302 vero
696 3261 732 3302 ea
758 3240 946 3319 devocione,
980 3261 1043 3322 qua
1076 3241 1107 3301 in
1133 3243 1263 3302 beatum
1296 3240 1495 3322 Stephanum
1526 3259 1635 3320 regem
1666 3240 1697 3300 in

435 3347 525 3408 cuius
549 3347 680 3408 nornine
706 3346 788 3407 dicta
814 3347 946 3407 ecclesia
984 3347 1198 3427 zagrabiensis
1231 3344 1362 3407 lundata
1395 3347 1499 3406 existit
1529 3344 1698 3422 afficimur,

435 3473 474 3514 ne
499 3453 585 3513 idem
606 3452 757 3514 dominus
782 3453 951 3534 episcopus
975 3466 1006 3513 et
1029 3452 1163 3534 predicti
1188 3452 1236 3512 sui
1261 3471 1458 3514 successores
1482 3450 1615 3530 antiquo
1632 3449 1699 3530 jure

436 3559 536 3640 ipsius
560 3558 692 3618 ecclesie
716 3577 771 3618 sue
797 3557 960 3638 priventur
985 3571 1040 3618 aut
1063 3570 1201 3636 careant,
1226 3576 1358 3638 quoque
1382 3557 1541 3617 salubrius
1565 3569 1596 3617 et
1612 3575 1699 3616 com·

436 3664 564 3725 modius
588 3661 731 3724 officium
756 3663 915 3744 prelature
940 3663 971 3722 in
997 3663 1064 3744 ipsa
1090 3661 1224 3723 ecclesia
1249 3662 1447 3743 zagrabiensi
1465 3681 1609 3723 exercere
1627 3681 1699 3744 pos-

435 3769 508 3847 sint,
532 3767 717 3829 huiusmodi
742 3767 977 3849 juspattonatus
1002 3783 1146 3830 nostrum
1167 3769 1302 3849 regium,
1327 3768 1414 3848 quod
1447 3767 1479 3828 in
1512 3767 1596 3828 dicta
1631 3786 1701 3848 pre·

438 3874 579 3954 positura
604 3873 693 3935 sicuti
718 3886 749 3933 et
774 3873 805 3933 in
830 3874 901 3934 aliis
923 3873 1019 3934 huius
1053 3873 1142 3956 regni
1175 3873 1274 3934 nostri
1307 3872 1448 3934 ecclesiis
1480 3872 1635 3933 habemus
1668 3871 1700 3931 in

437 3979 575 4040 eundern
600 3978 768 4039 dominum
801 3979 987 4060 episcopum
1020 3993 1050 4039 et
1083 3978 1186 4040 dictos
1217 3998 1292 4040 suos
1323 3997 1521 4040 successores
1553 3977 1703 4038 duximus

437 4083 691 4145 transferendum
716 4103 752 4143 ac
777 4083 896 4144 eisdem
922 4083 1065 4144 dandum
1090 4098 1122 4145 et
1144 4083 1400 4162 concedendurn,
1424 4096 1459 4144 ut
1482 4083 1629 4165 ipsi-tam
1648 4081 1703 4142 diu

438 4190 540 4250 donec
552 4203 582 4249 et
591 4209 761 4270 quousque
773 4188 855 4250 dicte
867 4189 997 4250 ecclesie
1009 4173 1223 4271 zagrabiensis
1233 4187 1406 4271 fungentur
1416 4189 1576 4271 prelatura
1586 4188 1704 4248 dictam

439 4295 670 4376 preposituram
696 4294 774 4355 alias
797 4295 962 4356 abbaciam
982 4295 1162 4356 beatissime
1177 4295 1276 4357 Marie
1300 4294 1433 4375 virginis
1449 4293 1600 4375 deinceps
1625 4312 1704 4374 quo·

439 4400 525 4459 ciens
549 4413 580 4460 et
601 4399 873 4480 quandocumque
899 4399 937 4462 de
963 4399 1029 4475 iure
1055 4413 1085 4462 et
1109 4400 1149 4462 de
1174 4398 1258 4461 lacto
1282 4400 1450 4477 vacaverit,
1468 4399 1613 4482 personis
1637 4398 1705 4459 ido-

440 4504 518 4580 neis,
543 4505 748 4566 benemeritis
772 4519 803 4565 et
826 4505 887 4566 hiis
911 4525 993 4586 quos
1025 4507 1140 4587 dignos
1171 4525 1239 4567 esse
1272 4504 1493 4587 judicaverint,
1526 4505 1601 4566 dicti
1631 4504 1706 4584 juris

414 4657 419 4666 .
441 4621 625 4688 patronatus
649 4611 748 4671 nostri
773 4611 851 4691 regii
876 4611 997 4672 eisdem
1022 4631 1078 4693 per
1102 4627 1273 4693 presentes,
1299 4624 1333 4672 ut
1367 4609 1525 4693 prefertur
1556 4629 1705 4672 concessa

441 4727 471 4772 et
495 4733 606 4774 eorum
631 4716 792 4776 ordinaria
816 4717 1067 4796 auctoritatibus,
1091 4715 1235 4779 conferre
1260 4730 1291 4778 et
1314 4717 1354 4778 de
1385 4716 1452 4798 ipsa
1477 4734 1602 4797 semper
1635 4735 1705 4797 pro-

442 4818 549 4879 videre
566 4820 665 4881 libere
682 4823 803 4902 possint
828 4837 858 4883 et
878 4823 1005 4884 valeant
1029 4824 1126 4905 pleno
1139 4823 1218 4904 jure,
1232 4824 1333 4884 immo
1354 4820 1575 4884 transferimus
1588 4821 1705 4898 denne,

443 4919 619 5003 damusque
644 4941 674 4986 et
698 4927 904 4988 concedimus
939 4927 1051 4989 harum
1085 4943 1265 4990 nostrarum
1296 4943 1416 4989 secreto
1447 4926 1556 5006 sigillo
1587 4941 1706 5000 nostr0,
