3732 5802
632 495 706 556 Doc.
728 489 798 558 118.
825 529 864 538 -
889 498 946 560 An.
972 509 1058 574 1515.

211 719 365 782 idoneum
386 721 573 783 solemniter
596 735 627 784 et
650 741 723 784 curn
747 738 842 786 cantu
866 725 1026 788 celebrare
1049 741 1080 789 et
1103 728 1254 790 celebrari
1273 728 1376 792 facere
1393 733 1479 794 iuxta

212 839 242 886 et
265 826 445 889 secundum
469 827 668 891 dotationem
693 842 723 894 et
743 829 842 913 ipsius
860 831 968 893 altaris
984 831 1204 896 fundationem
1224 833 1321 898 factas
1337 857 1395 898 nec
1412 857 1477 900 non

212 931 496 996 instrumentorum
521 947 552 997 et
571 935 747 998 litterarum
769 949 834 998 tam
851 938 1010 1020 regiarum
1027 959 1124 1020 quam
1142 941 1237 1003 etiarn
1253 941 1329 1004 dicti
1347 945 1476 1025 capituli

213 1051 243 1100 et
265 1040 495 1102 canonicorum
520 1040 657 1124 desuper
681 1040 835 1106 factarum
859 1056 891 1106 et
914 1057 1132 1107 emanaturum
1158 1059 1296 1126 tenores,
1320 1067 1401 1129 quos
1424 1049 1476 1112 hic

212 1163 268 1225 pro
298 1144 493 1208 sufficienter
525 1149 679 1229 expressis
710 1148 827 1211 habere
861 1151 1020 1212 volumus.
1060 1151 1143 1214 Cum
1177 1153 1284 1235 itaque
1313 1167 1358 1232 tu,
1383 1169 1478 1237 prout

212 1251 324 1312 eadem
359 1265 413 1314 tua
448 1253 663 1336 subiungebat
697 1255 825 1338 peticio,
850 1275 908 1338 pro
941 1258 1055 1320 maiori
1080 1259 1225 1320 omnium
1251 1260 1477 1342 premissorum

212 1358 473 1420 corroboratione
507 1361 616 1442 cupias
649 1361 758 1422 omnia
790 1376 820 1423 et
851 1363 976 1444 singula
1006 1365 1158 1445 premissa
1190 1366 1376 1427 auctoritate
1401 1385 1477 1448 apo-

210 1464 322 1526 stolica
345 1463 525 1526 confirmari
551 1479 582 1528 et
605 1468 786 1548 approbari,
811 1469 982 1550 supplicari
1009 1469 1108 1532 fecisti
1127 1470 1290 1532 humiliter
1306 1473 1363 1533 tibi
1382 1493 1476 1555 super

210 1569 258 1631 his
281 1591 339 1653 per
362 1591 421 1633 nos
444 1584 475 1634 et
498 1572 583 1634 sedis
605 1573 780 1654 apostolice
805 1575 1008 1638 clementiam
1033 1576 1281 1639 misericorditer
1302 1579 1474 1660 provideri.

211 1677 277 1738 Nos
302 1677 398 1758 igitur
429 1678 493 1739 tuis
524 1679 557 1739 in
581 1678 639 1740 hac
664 1693 752 1760 parte
781 1681 1070 1763 supplicationibus
1093 1681 1310 1746 favorabiliter
1334 1703 1475 1746 annuere

211 1783 367 1862 volentes,
391 1797 487 1866 teque
507 1805 525 1845 a
546 1785 711 1866 quibusvis
731 1788 1081 1868 excommunicationis,
1098 1790 1316 1871 suspensionis
1332 1802 1363 1850 et
1381 1791 1477 1852 inter·

212 1889 287 1951 dicti
319 1891 454 1972 aliisque
486 1892 706 1954 ecclesiasticis
736 1894 916 1972 sentenciis,
942 1895 1083 1955 censuris
1114 1909 1145 1956 et
1176 1896 1267 1978 penis
1290 1915 1307 1957 a
1332 1896 1399 1976 jure
1424 1897 1475 1958 vel

211 1998 250 2057 ab
275 1995 407 2058 homine
432 1998 544 2078 quavis
568 1999 735 2060 occasione
760 1999 811 2060 vel
836 2019 928 2060 causa
954 2000 1035 2079 latis,
1052 2000 1077 2061 si
1095 2001 1212 2081 quibus
1228 2002 1475 2082 quomodolibet

212 2102 385 2164 innodatus
417 2103 524 2165 existis
554 2104 593 2166 ad
627 2103 774 2167 ellectum
803 2106 999 2186 presentium
1024 2105 1188 2167 dumtaxat
1211 2107 1475 2188 consequendum

196 2208 323 2270 ¹harum
355 2211 435 2271 serie
470 2211 673 2272 absolventes
706 2225 737 2273 et
769 2211 953 2274 absolutum
989 2211 1056 2273 fore
1089 2226 1264 2292 censentes,
1286 2215 1473 2275 auctoritate

209 2317 386 2396 apostolica
410 2337 473 2398 qua
498 2337 554 2399 per
576 2318 720 2380 eiusdem
748 2318 832 2379 sedis
851 2318 1025 2400 apostolice
1047 2318 1166 2380 litteras
1190 2317 1359 2380 sufficienti
1377 2319 1475 2381 facul·

209 2433 272 2484 tate
309 2423 424 2484 muniti
462 2422 627 2505 fungimur
661 2424 692 2485 in
729 2423 786 2485 hac
821 2437 919 2506 parte,
954 2424 1158 2504 erectionem,
1191 2425 1472 2505 constructionem,

210 2528 420 2608 dotationem,
439 2531 653 2592 annexionem
670 2550 706 2592 ac
724 2531 1015 2612 incorporationem
1033 2530 1190 2612 predictas
1207 2551 1264 2593 nec
1283 2551 1347 2592 non
1365 2532 1474 2593 omnia

210 2648 240 2696 et
258 2636 385 2717 singula
407 2637 438 2696 in
460 2636 559 2698 literis
576 2650 606 2697 et
623 2637 841 2698 instrumentis
857 2636 1023 2718 quibusvis
1039 2636 1210 2718 superinde
1227 2638 1475 2718 quomodolibet

209 2741 363 2804 confectis
396 2755 555 2821 contenta,
580 2743 765 2804 auctoritate
798 2741 918 2825 prefata
943 2745 1159 2824 approbamus
1183 2755 1213 2804 et
1237 2743 1474 2822 confirmamus,

209 2851 372 2930 roburque
404 2849 503 2910 nostri
537 2861 567 2910 et
594 2849 768 2930 apostolice
793 2849 877 2910 sedis
900 2849 1089 2910 muniminis
1109 2870 1144 2911 ac
1169 2848 1326 2911 firmitatis
1351 2849 1471 2910 eisdem

209 2955 390 3033 adiicimus,
408 2955 588 3016 inhibentes
609 2955 765 3016 universis
788 2969 818 3017 et
834 2957 968 3036 singulis
985 2956 1204 3036 cuiuscunque
1220 2968 1330 3035 status,
1346 2955 1474 3038 gradus,

209 3062 342 3140 ordinis,
367 3061 561 3124 conditionis
593 3075 646 3124 aut
677 3063 908 3143 preeminentie
936 3063 1152 3139 existentibus,
1177 3061 1273 3122 etiam
1298 3059 1472 3142 pontificali

208 3188 264 3229 seu
298 3168 561 3250 archiepiscopali
593 3169 747 3250 dignitate
776 3168 1030 3251 prefulgentibus
1054 3183 1085 3230 et
1110 3168 1273 3250 presertim
1289 3167 1473 3230 reverendo

210 3275 240 3334 in
266 3273 396 3336 Christo
418 3275 498 3357 patri
523 3275 574 3337 dei
599 3289 630 3336 et
652 3275 826 3357 apostolice
855 3275 939 3338 sedis
961 3276 1066 3356 gracia
1090 3275 1242 3356 episcopo
1266 3273 1423 3336 moderno
1444 3287 1474 3334 et

209 3399 267 3460 pro
291 3392 436 3462 tempore
461 3381 617 3460 existenti,
641 3402 676 3442 ac
702 3382 842 3463 capitulo
867 3395 897 3443 et
922 3382 1094 3459 canonicis,
1111 3381 1318 3462 personisque
1342 3379 1473 3462 quibus-

209 3506 337 3567 cunque
362 3486 444 3548 dicte
469 3487 601 3549 ecclesie
626 3488 850 3569 zagrabiensis,
868 3488 1087 3570 prebendariis
1103 3507 1233 3569 quoque
1253 3506 1308 3548 seu
1325 3485 1472 3548 altaristis

209 3594 356 3655 similiter
379 3613 437 3676 pro
460 3608 604 3676 ternpore
629 3593 703 3655 dicti
726 3594 833 3655 altaris
850 3594 1067 3672 existentibus,
1084 3594 1283 3676 presentibus
1299 3607 1330 3654 et
1347 3590 1471 3671 futuris,
1501 3603 1504 3610 '

209 3719 249 3760 ne
274 3712 385 3760 contra
409 3701 559 3781 premissa
584 3700 616 3760 in
641 3713 709 3762 toto
733 3700 783 3761 vel
809 3701 840 3761 in
865 3714 964 3782 parte,
987 3713 1041 3761 aut
1065 3718 1177 3761 eorum
1202 3699 1335 3779 aliquod
1353 3697 1470 3758 directe

210 3805 261 3865 vel
293 3805 446 3868 indirecte
480 3805 582 3868 facere
613 3807 662 3868 vel
689 3807 797 3868 venire
821 3820 1023 3889 presumant;
1048 3805 1193 3886 alioquin
1217 3805 1242 3865 si
1264 3824 1354 3865 secus
1378 3823 1473 3885 super

209 3911 258 3973 his
289 3933 307 3974 a
339 3932 503 3994 quoquam
537 3913 785 3995 quomodolibet
816 3912 935 3974 factum
967 3925 1022 3974 aut
1053 3923 1274 3994 attemptatum
1303 3908 1408 3988 fuerit,
1432 3929 1471 3970 eo

210 4017 293 4080 facto
318 4020 504 4082 auctoritate
528 4019 649 4101 prefata
672 4019 1012 4082 excommunicationis
1036 4018 1225 4079 sententiam
1250 4016 1400 4078 volumus
1424 4015 1472 4076 in-

209 4145 346 4204 currere,
363 4144 429 4186 non
447 4126 647 4187 obstantibus
667 4125 948 4187 constitutionibus
964 4137 995 4186 et
1011 4123 1279 4200 ordinationibus,
1296 4119 1472 4203 privilegiis

209 4252 341 4315 quoque
372 4245 402 4293 et
434 4231 566 4295 indultis
596 4251 631 4293 ac
656 4231 755 4293 literis
779 4231 962 4313 apostolicis
987 4229 1092 4291 eidem
1117 4229 1248 4291 ecclesie
1272 4224 1470 4308 zagrabiensi

210 4338 343 4401 forsitan
376 4338 426 4400 vel
458 4338 624 4419 quibusvis
655 4337 726 4398 aliis
757 4338 853 4399 etiarn
878 4337 1022 4419 personis
1045 4334 1266 4397 ecclesiasticis
1290 4331 1471 4413 quomodo-

210 4447 288 4508 libet
311 4445 469 4508 concessis
493 4445 589 4506 etiam
613 4443 804 4524 jurament0,
821 4441 1064 4504 confirmatione
1088 4440 1263 4523 apostolica
1285 4438 1335 4499 vel
1360 4436 1472 4518 quavis

209 4554 356 4616 firmitate
388 4553 448 4614 alia
483 4551 650 4628 roboratis,
673 4551 849 4630 ceterisque
883 4549 1047 4610 contrariis
1076 4548 1343 4628 quibuscumque,
1370 4555 1423 4605 aut
1445 4541 1470 4602 si

209 4661 329 4723 eisdem
361 4659 502 4741 capitulo
533 4658 583 4719 vel
616 4657 778 4719 canonicis
811 4675 867 4718 seu
895 4654 1114 4737 prebendariis
1137 4653 1187 4714 vel
1211 4649 1376 4734 quibusvis
1400 4648 1471 4710 aliis

208 4769 248 4829 ab
281 4765 393 4828 eadem
427 4765 502 4827 sede
534 4763 695 4825 indultum
725 4763 845 4839 existat,
869 4760 956 4842 quod
982 4759 1139 4838 interdici,
1163 4757 1314 4841 suspendi
1339 4768 1394 4817 aut
1418 4774 1470 4815 ex-

208 4871 437 4934 communicari
461 4889 525 4932 non
548 4869 670 4952 possint
687 4888 743 4951 per
759 4868 865 4929 literas
881 4867 1072 4949 apostolicas
1090 4885 1154 4928 non
1172 4864 1323 4926 facientes
1339 4861 1469 4944 plenam

208 4993 239 5040 et
262 4997 441 5060 expressam
473 4995 509 5037 ac
532 4975 571 5036 de
596 4977 693 5036 verbo
725 4973 765 5035 ad
790 4975 924 5035 verbum
948 4973 988 5034 de
1012 4972 1138 5034 indulto
1170 4968 1354 5032 huiusmodi
1380 4986 1469 5028 men-
