3752 5806
429 599 450 662 4
888 581 963 642 Bac.
981 597 1008 643 2.
1028 617 1064 626 —
1091 582 1146 645 An.
1163 595 1255 659 1500.

1494 689 1695 698 Q.—-

427 811 504 889 tabi,
513 809 647 871 domino
657 808 815 890 Gregorio
825 809 966 892 plebano
979 809 1110 872 ecclesie
1123 811 1221 871 sancti
1232 811 1354 873 Nicolai
1374 811 1406 871 in
1416 810 1586 892 Gragenna
1597 833 1605 888 ;
1617 813 1694 874 item

428 917 559 978 terciam
582 917 695 977 subam
713 915 921 977 consimiliter
944 915 1174 994 mardurinam,
1191 915 1341 978 harvazio
1366 929 1560 998 coopertam,
1576 917 1696 998 legavit

429 1021 515 1082 fratri
533 1021 678 1083 Fabiano
703 1021 736 1082 in
752 1021 929 1101 Petrowcz,
945 1035 981 1082 ut
997 1033 1082 1083 emat
1102 1021 1162 1082 sibi
1180 1021 1294 1082 exinde
1311 1041 1446 1105 cappam
1462 1042 1570 1102 unam,
1588 1023 1694 1085 eidem

428 1127 546 1209 legavit
576 1127 716 1190 florenos
748 1127 860 1188 decem
890 1146 950 1209 pro
981 1127 1085 1188 missis
1113 1141 1144 1188 et
1166 1128 1383 1190 oracionibus.
1406 1128 1484 1190 Item
1508 1129 1630 1211 pileum
1653 1129 1695 1190 de

428 1233 566 1315 pellibus
590 1233 750 1295 sabellicis
773 1234 891 1312 legavit
915 1233 1049 1294 domino
1074 1233 1222 1295 Emerico
1238 1234 1378 1315 plebano
1402 1234 1435 1295 in
1458 1233 1601 1296 Palotha.
1616 1235 1694 1297 ltem

428 1340 549 1422 pileum
582 1339 622 1400 de
653 1339 817 1400 variolinis
849 1351 879 1400 et
911 1339 1039 1420 nigrum
1069 1339 1191 1420 palium
1226 1338 1344 1420 legavit
1379 1339 1513 1402 domino
1550 1339 1694 1421 Georgio

428 1445 568 1528 plebano
591 1457 698 1506 sancte
723 1445 825 1506 Elene
849 1445 882 1505 in
908 1445 1065 1506 Koruska.
1080 1445 1158 1506 ltem
1182 1458 1320 1526 quatuor
1344 1446 1444 1508 bireta
1468 1445 1508 1507 de
1532 1443 1694 1507 skarletho

427 1551 546 1632 legavit
570 1551 792 1612 executoribus
824 1550 899 1612 suis.
924 1550 1002 1612 ltem
1025 1549 1156 1632 prefatis
1179 1548 1329 1612 fratribus
1353 1550 1393 1612 de
1417 1551 1581 1613 Petrowcz
1606 1570 1694 1612 com-

429 1658 514 1718 misit
538 1657 605 1719 dari
629 1657 668 1718 de
693 1655 839 1738 frugibus
863 1669 894 1717 et
917 1655 1026 1734 blado,
1044 1670 1201 1736 quantum
1225 1655 1292 1718 lieri
1316 1669 1420 1738 potest
1439 1669 1569 1739 propter
1585 1655 1694 1718 deum.

429 1763 601 1825 Commisit
631 1763 761 1844 insuper
783 1760 907 1844 prefato
933 1761 1143 1844 Cristophoro
1176 1763 1348 1824 castellano
1372 1782 1441 1841 suo,
1465 1776 1500 1824 ut
1529 1762 1694 1824 castellum

430 1867 651 1950 Golgoczense
675 1867 866 1950 predictum,
883 1867 1054 1949 nullipiam
1078 1868 1247 1929 hominum
1271 1867 1311 1930 ad
1332 1886 1446 1952 manus
1467 1868 1616 1949 assignet,
1632 1868 1692 1930 nisi

428 1975 516 2058 regie
541 1974 709 2052 Maiestati,
727 1987 782 2036 aut
805 1973 856 2034 cui
882 1973 1031 2035 Maiestas
1054 1993 1110 2034 sua
1136 1973 1168 2033 id
1192 1973 1373 2055 specialiter
1396 1973 1592 2035 commiserit
1614 1973 1694 2034 dan-

429 2081 507 2142 dum
539 2093 570 2142 et
599 2079 838 2160 assignandum.
862 2079 935 2140 Alia
967 2091 1074 2140 autem
1106 2079 1215 2140 omnia
1247 2091 1278 2140 et
1301 2079 1426 2159 singula
1452 2079 1611 2140 commisit
1635 2099 1693 2161 per

429 2199 614 2248 executores
637 2205 711 2246 suos
736 2185 821 2246 iuxta
845 2184 1060 2246 consciencias
1084 2203 1197 2246 eorum
1218 2203 1276 2266 pro
1301 2185 1402 2246 salute
1426 2185 1533 2248 anime
1556 2204 1612 2246 sue
1629 2184 1693 2245 dis·

428 2292 592 2376 pensanda
622 2291 662 2356 ad
702 2291 816 2352 missas
848 2303 878 2351 et
902 2289 1068 2352 oraciones
1092 2290 1259 2373 Zagrabie,
1283 2289 1422 2352 Chasme
1447 2301 1478 2352 et
1502 2288 1690 2371 Golgoncze

428 2397 646 2461 celebrandas.
660 2397 854 2458 Executores
876 2408 983 2458 autem
1009 2395 1104 2458 huius
1127 2397 1306 2458 testamenti
1324 2397 1374 2458 sui
1391 2395 1465 2458 lecit
1482 2409 1513 2458 et
1529 2397 1694 2460 constituit

428 2505 582 2566 discretos
613 2503 764 2565 dominos
795 2501 976 2564 lohannem
1000 2502 1039 2563 de
1072 2500 1188 2582 Crisio,
1213 2501 1407 2584 Gregorium
1439 2501 1479 2564 de
1511 2501 1693 2584 Gragenna,

429 2611 613 2672 Emericum
641 2609 681 2670 de
705 2607 849 2687 Palotha,
875 2606 1055 2690 Georgium
1082 2619 1189 2672 sancte
1213 2608 1314 2670 Elene
1338 2608 1370 2670 in
1394 2608 1542 2670 Koruslra
1566 2609 1693 2670 ecclesi·

428 2735 520 2778 arum
551 2714 708 2796 plebanos
740 2713 940 2796 supradictos
972 2727 1003 2776 et
1033 2714 1178 2778 nobilem
1203 2713 1449 2796 Cristophorum
1483 2713 1694 2776 castellanum

428 2841 523 2883 suum
557 2818 747 2902 predictum.
780 2819 884 2901 Super
919 2819 1037 2901 quibus
1071 2821 1223 2882 omnibus
1257 2819 1419 2901 premissis
1455 2839 1515 2901 ego
1551 2820 1694 2882 notarius

428 2927 576 3010 publicus
607 2924 825 3008 infrascriptos
849 2923 895 2987 fui
920 2925 1027 2988 debita
1058 2945 1132 2987 cum
1156 2925 1309 2988 instancia
1336 2925 1519 3007 requisitus,
1542 2937 1578 2986 ut
1600 2937 1694 2987 testa·

429 3045 538 3094 mento
561 3030 747 3094 huiusmodi
772 3031 952 3114 conscripto
976 3045 1007 3094 et
1038 3032 1071 3092 in
1099 3030 1181 3094 banc
1212 3029 1348 3093 formam
1377 3031 1541 3113 publicam
1565 3031 1693 3094 redacto

429 3137 544 3200 exinde
578 3157 679 3198 unum
710 3137 761 3199 vel
792 3138 894 3219 plura,
918 3137 1086 3219 publicum
1118 3156 1174 3198 seu
1202 3136 1342 3218 publica,
1367 3137 1615 3198 instrumentum
1639 3148 1694 3198 aut

429 3245 648 3322 instrumenta,
665 3242 856 3305 conficerem
876 3256 907 3304 et
930 3243 1050 3322 darem,
1075 3241 1163 3324 quod
1188 3255 1218 3303 et
1238 3240 1299 3303 feci
1321 3240 1428 3304 officio
1444 3241 1694 3304 thabellionatus

429 3351 492 3412 mei
517 3350 698 3430 requirente
722 3363 752 3410 et
777 3350 941 3411 communi
962 3349 1085 3430 justicia
1108 3347 1271 3410 suadente.
1288 3351 1367 3409 Acta
1388 3361 1462 3410 sunt
1477 3347 1535 3409 hec
1552 3361 1585 3409 et
1601 3347 1693 3427 lacta,

429 3475 525 3534 anno,
550 3455 740 3533 indiccione,
765 3455 828 3534 die,
852 3475 972 3534 mense,
989 3454 1086 3538 ¹hora,
1102 3454 1175 3515 loco
1192 3467 1224 3514 et
1239 3453 1437 3536 pontificatu,
1455 3454 1573 3534 quibus
1588 3473 1693 3535 supra.

429 3561 633 3622 Presentibus
664 3561 784 3622 ibidem
816 3561 957 3622 discretis
990 3560 1130 3622 dominis
1160 3558 1307 3622 Johanne
1338 3559 1476 3621 altarista
1512 3559 1553 3620 de
1577 3559 1693 3637 Crisio,

431 3665 594 3748 Stephano
618 3666 794 3747 presbitero
818 3667 858 3728 de
883 3667 1007 3745 eadem,
1030 3666 1191 3747 graciano,
1216 3665 1317 3727 Paulo
1349 3665 1516 3747 capellano
1548 3664 1694 3726 similiter

430 3772 469 3834 de
487 3771 600 3834 eadem
617 3783 647 3831 et
664 3771 838 3832 Benedicto
851 3771 891 3832 de
905 3771 1099 3832 Warasdino
1112 3771 1294 3852 presbiteris
1306 3769 1522 3850 zagrabiensis
1538 3768 1694 3851 dyocesis

430 3880 507 3941 item
531 3877 694 3940 nobilibus
717 3877 864 3938 Dionisio
889 3877 928 3937 de
954 3877 1171 3959 Dyankoucz,
1189 3876 1351 3959 Stephano
1376 3876 1416 3938 de
1437 3874 1694 3957 Pongrachewcz

431 3999 461 4048 et
471 3983 621 4046 Ladislao
635 3982 674 4043 de
688 3981 947 4065 Thoplychycza,
958 3981 1157 4064 Sarapusych
1174 3982 1270 4060 dicto,
1284 3982 1418 4062 aliisque
1436 4000 1534 4062 quam
1548 3981 1695 4063 pluribus

429 4092 561 4152 testibus
593 4101 624 4150 et
656 4087 826 4169 fidedignis
857 4089 1001 4169 personis
1031 4087 1072 4149 ad
1105 4089 1257 4170 premissa
1288 4088 1419 4166 vocatis,
1447 4087 1566 4169 rogatis
1598 4098 1629 4147 et
1662 4087 1694 4146 in

429 4195 650 4258 testimonium
674 4194 845 4276 requisitis.

483 4327 591 4392 Signum

480 4417 582 4468 notarii.

536 4532 605 4612 Ego
620 4529 800 4612 Stephanus
810 4529 957 4610 Gregorii
972 4529 1011 4592 de
1025 4530 1166 4612 Bachyn,
1176 4529 1309 4590 clericus
1322 4526 1535 4610 zagrabiensis
1548 4525 1693 4608 dyocesis

430 4655 517 4697 sacra
534 4635 690 4718 imperiali
709 4636 894 4697 auctoritate
912 4637 1055 4697 notarius
1071 4635 1229 4717 publicus,
1243 4635 1319 4715 quia
1335 4631 1465 4715 prefatis
1480 4629 1692 4692 testamentali

431 4741 572 4820 lassioni,
597 4740 791 4820 condicioni,
816 4761 921 4802 rerum
946 4754 976 4802 et
999 4742 1161 4802 bonorum
1184 4739 1413 4821 premissorum
1438 4735 1597 4817 legacioni
1619 4781 1626 4796 .
1652 4781 1659 4794 .
1684 4780 1690 4794 .

431 4859 462 4908 et
484 4847 618 4927 singulis
648 4847 809 4928 premissis
837 4846 915 4908 dum
946 4848 1000 4924 sic,
1025 4859 1059 4907 ut
1091 4845 1295 4928 premittitur,
1318 4842 1431 4905 fierent
1463 4853 1494 4902 et
1524 4855 1692 4921 agerentur

430 4953 582 5036 (unacum
605 4954 780 5033 prenotatis
802 4954 935 5014 testibus
958 4973 1087 5035 presens
1110 4949 1239 5013 interfui
1265 4969 1366 5030 eaque
1383 4947 1492 5010 omnia
1509 4945 1551 5028 et)
1568 4943 1691 5026 singula

430 5059 475 5120 sic
502 5058 570 5119 fieri
605 5057 671 5118 vidi
703 5071 734 5120 et
763 5057 872 5120 audivi
908 5058 982 5120 ideo
1014 5079 1143 5140 presens
1177 5067 1403 5118 testamentum
1438 5073 1495 5114 seu
1525 5051 1690 5134 publicum
