3900 5804
659 502 778 561 Stamta
801 499 1094 563 praebendariorum.
1436 519 1494 583 321

238 608 432 618 ———-.
789 607 1498 615 ———-—-—-—--—-—-———-——-——-—-—-—-

238 733 323 794 endo
348 744 379 794 et
413 730 618 808 declarando,
650 729 739 812 quod
770 743 842 813 post
870 743 1007 792 mortem
1039 730 1102 792 iam
1134 728 1189 792 lati
1227 731 1351 793 domini
1375 731 1504 794 Andree

237 837 391 920 prepositi
417 836 612 898 chaamensis
635 849 705 914 etc,
730 847 761 898 et
784 835 950 898 decessum
981 855 1075 898 suum
1101 837 1141 898 ab
1173 835 1234 898 hoc
1264 837 1384 916 seculo,
1408 838 1503 900 missa

237 964 295 1026 pro
320 943 456 1027 peccatis
479 943 637 1026 descripta
661 942 757 1004 simul
782 962 855 1004 cum
891 942 1093 1004 orationibus
1126 943 1265 1023 variatis,
1302 943 1343 1005 ad
1375 945 1504 1007 missam

238 1069 296 1132 pro
321 1047 473 1111 defuncto
497 1048 661 1110 sacerdote
686 1061 924 1112 commutentur
952 1062 983 1109 et
1006 1048 1230 1111 devolvantur.
1247 1048 1298 1110 Ad
1316 1069 1379 1131 que
1396 1051 1505 1114 omnia

239 1171 269 1217 et
285 1155 412 1238 singula
428 1175 464 1217 ac
481 1155 682 1237 singulorum
699 1155 852 1237 premissa
876 1155 1091 1237 nosmetipsos
1108 1169 1139 1216 et
1162 1175 1358 1219 successores
1382 1170 1507 1220 nostros

239 1263 298 1324 sub
322 1263 502 1326 iuramento
526 1262 712 1344 prescripto,
735 1275 846 1323 tenore
871 1262 1068 1343 presentium
1092 1281 1218 1344 semper
1249 1261 1364 1325 luturia
1395 1283 1506 1347 perpe-

239 1369 302 1429 tuis
325 1369 527 1450 temporibus
551 1368 701 1430 duratura
725 1381 756 1429 et
779 1387 836 1450 per
859 1387 929 1446 nos,
955 1387 1218 1450 successoresque
1249 1383 1375 1432 nostros
1399 1372 1506 1433 obser-

242 1475 345 1536 vanda
370 1474 595 1556 obligavimus,
606 1475 709 1536 immo
726 1474 909 1555 obligamus
926 1472 1102 1556 insomnem
1120 1488 1281 1537 eventum.
1298 1476 1508 1538 Promisimus

241 1580 370 1662 insuper
394 1594 425 1642 et
447 1581 666 1662 promittimus
688 1580 913 1663 prenominato
938 1579 1072 1642 domino
1089 1580 1217 1642 Andree
1234 1583 1397 1664 preposito
1417 1581 1504 1644 chas-

243 1686 356 1766 mensi,
377 1687 598 1768 canonicoque
623 1699 653 1749 et
676 1685 796 1748 vicario
819 1683 959 1768 sepefate
983 1686 1116 1748 ecclesie
1132 1687 1358 1768 zagrabiensis,
1376 1701 1411 1750 ut
1427 1707 1509 1770 opus

243 1787 327 1854 ist'ud
352 1791 478 1854 salubre
502 1813 559 1875 per
582 1812 641 1854 nos
665 1805 696 1854 et
717 1811 915 1854 successores
938 1806 1064 1853 nostros
1095 1791 1255 1855 efficacius
1271 1793 1434 1876 perpetuis
1458 1792 1473 1856 f
1497 1829 1509 1841 -

244 1898 323 1959 turis
345 1899 545 1981 temporibus
570 1898 794 1981 adimpleatur,
812 1897 989 1980 quemlibet
1005 1911 1149 1960 nostrum
1166 1899 1359 1962 nominatim
1375 1899 1408 1962 in
1425 1900 1509 1962 libro

246 2004 419 2066 Kalendini
443 2004 508 2066 sive
544 2005 650 2067 statuti
686 2004 786 2066 nostri
820 2023 918 2065 manu
952 2004 1081 2085 propria
1115 2005 1324 2085 subscribere,
1355 2005 1444 2088 quod
1480 2019 1511 2069 et

245 2130 442 2172 successores
465 2111 565 2172 nostri
589 2110 621 2171 in
645 2110 843 2172 assecutione
859 2129 992 2171 suorum
1009 2111 1170 2172 bonorum
1186 2108 1289 2172 facere
1315 2113 1511 2174 tenebuntur

246 2236 285 2277 eo
310 2215 403 2278 facto.
427 2215 463 2280 ln
488 2216 579 2278 cuius
597 2216 643 2277 rei
667 2216 857 2278 memoriam
882 2228 913 2276 et
929 2215 1161 2295 testimonium,
1176 2214 1424 2300 firmitatemque
1441 2238 1511 2302 per-

247 2335 377 2405 petuam
401 2323 602 2405 presentibus
626 2321 768 2402 sigillum
800 2334 946 2383 nostrum
980 2322 1201 2402 auttenticum,
1225 2342 1292 2404 quo
1327 2324 1447 2387 utimur
1478 2324 1510 2386 in

248 2429 422 2490 kalendino
436 2441 557 2508 nostro,
569 2428 718 2490 duximus
734 2426 994 2510 appendendum.
1012 2427 1130 2489 Datum
1147 2426 1226 2490 feria
1243 2429 1354 2512 quinta
1367 2430 1512 2513 proxima

249 2549 320 2617 post
345 2535 459 2598 festum
484 2536 567 2602 beati
593 2535 732 2596 Emerici
757 2534 857 2596 ducis.
881 2537 978 2595 Anno
1002 2533 1126 2595 domini
1151 2534 1324 2598 millesimo
1354 2536 1512 2619 quingen·

248 2642 363 2704 tesimo
388 2641 571 2704 undecimo.
595 2677 638 2686 -
663 2640 850 2704 Leonardus
874 2639 914 2701 de
938 2639 1109 2719 lwannicz,
1141 2639 1298 2719 decanus;
1332 2641 1513 2724 Stephanus

250 2749 289 2811 de
314 2749 457 2832 Roycha,
483 2748 670 2810 Franciscus
695 2747 734 2808 de
759 2745 909 2826 Zelrchw,
926 2745 1086 2826 Georgius
1111 2745 1149 2807 de
1166 2747 1371 2828 Warasdino,
1389 2749 1514 2811 Blasius

251 2854 289 2916 de
314 2854 465 2934 Nedelcz,
490 2855 615 2916 Blasius
639 2853 679 2915 de
704 2853 863 2932 Gradech,
888 2853 1044 2914 Martinus
1069 2851 1108 2914 de
1134 2851 1342 2934 Gerzemche,
1361 2855 1515 2917 Nicolaus

251 2961 290 3022 de
315 2962 486 3042 Rokonog,
501 2960 624 3043 Gaspar
645 2961 684 3021 de
702 2959 847 3038 Donbro,
866 2958 1027 3020 lohannes
1052 2959 1091 3019 de
1110 2959 1322 3037 onannich,
1340 2959 1516 3042 Gregorius

252 3066 291 3128 de
316 3066 386 3128 vico
410 3081 565 3146 sutorum,
590 3066 752 3129 lohannes
775 3065 815 3126 de
839 3064 1032 3147 Podbresye,
1049 3065 1202 3127 Nicolaus
1226 3066 1265 3128 de
1282 3067 1442 3150 Kapolna,
1460 3067 1515 3129 Di·

252 3173 374 3234 onisius
398 3173 437 3234 de
462 3171 661 3252 Gwdolvvcz,
687 3171 868 3255 Stephanus
891 3171 931 3232 de
961 3171 1136 3253 Ywanych,
1169 3171 1306 3234 Michael
1331 3173 1369 3234 de
1394 3173 1513 3254 Mlaka,

254 3278 378 3340 Blasius
402 3279 442 3341 de
466 3277 759 3362 Zeyanahrazthya,
783 3277 977 3340 Benedictus
1009 3278 1048 3338 de
1086 3277 1255 3358 Prodauiz,
1280 3277 1442 3342 lohannes
1476 3279 1515 3340 de

253 3385 324 3446 vico
348 3397 505 3466 sutorum,
530 3386 686 3448 Martinus
710 3385 749 3447 de
775 3385 892 3468 Sypelr,
915 3383 1028 3445 Gallus
1053 3384 1092 3444 de
1116 3383 1267 3466 Welyka,
1291 3384 1453 3447 lohannes
1476 3385 1516 3447 de

254 3490 325 3552 vico
348 3505 504 3571 sutorum,
529 3493 608 3553 alter
632 3491 792 3553 lohannes
816 3491 863 3560 :de
897 3492 1042 3572 Reznyk,
1066 3489 1226 3572 Georgius
1257 3491 1296 3553 de
1327 3491 1517 3571 Zalathnok,

256 3597 392 3659 Michael
416 3598 455 3659 de
480 3598 645 3681 Roychya.
678 3601 743 3658 Nos
776 3602 875 3674 itaque
910 3597 1049 3659 universi
1085 3610 1115 3658 et
1149 3597 1267 3677 singuli
1302 3598 1517 3679 prenominati

256 3703 460 3766 prehendant
485 3705 617 3767 ecclesie
641 3703 855 3785 zagrabiensis
877 3723 913 3765 ac
936 3715 1002 3765 tota
1035 3703 1248 3764 communitas
1271 3703 1416 3765 unanimi
1440 3717 1517 3766 voto

256 3810 343 3890 prius
364 3809 533 3872 sufficienti
559 3823 590 3871 et
613 3824 739 3873 maturo
764 3810 899 3871 consilio
923 3807 1102 3892 prehabito,
1135 3809 1208 3870 illos
1238 3809 1325 3870 idem
1348 3809 1437 3871 mille
1461 3809 1518 3872 flo-

257 3934 350 3976 renos
374 3917 581 3998 exposuimus
605 3929 635 3978 et
659 3916 875 3978 convertimus
897 3915 929 3976 in
954 3915 1163 3977 commodum
1187 3934 1253 3976 non
1276 3934 1410 3998 parvum
1426 3916 1521 3978 nobis

257 4033 288 4081 et
311 4023 546 4084 successoribus
570 4023 686 4084 nostris
709 4022 902 4104 proveniens
926 4021 1087 4104 perpetuis
1109 4020 1223 4082 futuris
1239 4021 1438 4104 temporibus
1462 4021 1521 4083 du·

257 4141 411 4208 raturum,
432 4128 583 4190 videlicet
606 4128 777 4190 eximendo
801 4128 906 4189 bullas
930 4146 1002 4189 cum
1027 4128 1235 4190 absolucione
1260 4139 1291 4189 et
1314 4126 1522 4210 indulgentiis

259 4233 419 4314 plenariis,
443 4249 478 4296 ut
501 4236 534 4296 in
558 4235 635 4317 ipsis
659 4235 755 4296 bullis
772 4235 887 4296 clarius
915 4247 1065 4317 apparet;
1088 4255 1168 4316 quas
1193 4233 1297 4296 bullas
1319 4254 1445 4317 semper
1465 4254 1521 4296 vo·

259 4340 366 4402 lumus
382 4341 499 4404 habere
516 4343 549 4403 in
562 4362 666 4424 capsa,
680 4343 712 4404 in
737 4361 835 4423 quam
848 4355 993 4423 tempore
1019 4341 1130 4403 iubilei
1155 4341 1291 4424 pecunie
1312 4339 1521 4438 inponuntur.

365 4479 431 4548 Orig
457 4482 483 4534 ln
502 4484 610 4536 membr.
639 4482 666 4533 ln
694 4482 790 4536 archiv.
812 4482 871 4534 incl.
892 4483 989 4535 Accad.
1011 4482 1104 4535 scient.
1131 4479 1235 4532 Slavor,
1257 4481 1348 4534 merld.
1366 4479 1396 4531 ll.
1416 4481 1442 4535 b.
1464 4481 1522 4533 148.

762 4695 1022 4724 ——000—
