3808 5792
663 470 737 528 Doc.
764 465 834 544 178.
858 502 901 512 -
918 471 973 530 An.
994 483 1083 546 1523.
1449 491 1508 552 225

349 694 381 756 (Α
400 694 500 758 letto)
524 695 645 757 Amicis
669 695 734 756 suis
764 696 947 758 reverendis
979 697 1120 780 capitulo
1153 699 1285 760 ecclesie
1319 699 1512 762 chasmensis

242 820 302 883 pro
326 800 537 882 prudentibus
561 815 591 864 et
614 802 851 886 circumspectis
874 802 978 883 iudice
1003 817 1034 866 et
1057 803 1178 883 juratis,
1195 805 1370 890 ceterisque
1389 806 1512 868 civibus

192 969 195 974 ,
244 907 380 968 civitatis
404 907 523 968 montis
548 905 727 986 Grecensis,
752 908 1011 970 reambulatoria.
1156 951 1175 985 „

350 1036 485 1102 originale
513 1038 539 1089 in
569 1039 667 1102 charta,
687 1053 703 1090 a
721 1043 798 1105 tergo
827 1037 971 1110 vestigium
999 1039 1122 1104 impressi
1152 1041 1241 1107 sigilli.
1265 1041 1291 1092 ln
1321 1041 1419 1096 archiv.
1449 1042 1511 1096 incl.

242 1126 338 1177 Accad.
358 1126 451 1178 scient.
472 1124 575 1180 Slavor.
597 1127 693 1186 merld,

838 1409 919 1478 178.

351 1567 425 1618 Anao
448 1567 523 1622 1523.
544 1569 585 1621 20.
609 1569 679 1622 mail.
699 1567 796 1620 Budas.

242 1711 406 1770 lucdovicus
431 1711 473 1772 ΙΙ.
502 1713 603 1787 flung.
627 1720 678 1773 etc.
703 1732 771 1784 rex,
796 1713 981 1786 reprehendit
1010 1713 1242 1772 communitatem
1270 1715 1406 1792 civitatis,
1437 1719 1517 1791 quod

362 1819 483 1891 capituli
494 1819 550 1893 jus
573 1820 674 1876 telonii
692 1819 851 1877 redimendi
870 1821 981 1895 injusle
1003 1819 1093 1878 adse
1116 1821 1264 1879 vindicare
1287 1823 1391 1883 voluit.

899 1957 1059 2010 Commissio
1079 1959 1189 2023 propria
1207 1959 1306 2011 domini
1326 1959 1406 2025 regis.

353 2046 540 2108 Ludouicus
564 2046 615 2108 dei
638 2047 744 2130 gracia
769 2067 823 2110 rex
848 2046 1014 2129 Hungarie
1038 2060 1069 2109 et
1092 2047 1247 2109 Bobemie
1271 2061 1329 2110 etc.
1347 2049 1512 2111 Fidelibus

245 2151 362 2214 nostris
385 2151 494 2231 judici,
517 2151 627 2234 juratis
650 2173 687 2214 ac
719 2153 917 2216 universitati
949 2153 1069 2215 civium
1104 2165 1136 2216 et
1165 2153 1343 2216 incolarum
1376 2155 1512 2217 civitatis

244 2271 351 2318 nostre
375 2258 495 2320 montis
531 2258 700 2321 Grecensis
723 2258 861 2321 salutem
894 2271 925 2320 et
947 2259 1099 2341 graciam.
1124 2259 1313 2342 Expositum
1338 2275 1385 2322 est
1413 2261 1511 2323 Maie-

244 2363 317 2424 stati
341 2378 448 2426 nostre
471 2384 529 2446 pro
554 2379 641 2447 parte
666 2364 795 2447 capituli
821 2378 852 2426 et
874 2366 1103 2427 canonicorum
1141 2365 1274 2428 ecclesie
1298 2367 1512 2447 zagrabiensis

242 2469 332 2549 gravi
357 2489 430 2532 cum
454 2470 595 2552 querela,
619 2491 701 2553 quos
724 2490 792 2549 vos,
809 2471 948 2532 nescitur
970 2490 1034 2553 qua
1057 2471 1185 2534 racione
1210 2472 1299 2551 moti,
1317 2473 1349 2534 in
1365 2472 1511 2534 thelonio

244 2575 455 2656 zagrabiensi,
479 2576 608 2658 quoda
632 2577 715 2638 divis
738 2576 868 2660 regibus
891 2577 1058 2658 Hungarie
1086 2577 1366 2659 predecessoribus
1390 2578 1513 2640 scilicet

243 2681 371 2759 nostris,
396 2701 505 2742 mense
531 2701 643 2744 eorum
668 2682 834 2766 capitulari
860 2702 919 2764 pro
943 2695 1118 2764 augmento
1143 2683 1247 2746 cultus
1271 2683 1372 2746 divini
1390 2685 1422 2746 in
1439 2704 1510 2767 per-

244 2800 378 2868 petuum
403 2786 558 2850 donatum
583 2800 615 2850 et
637 2807 798 2850 annexum
823 2801 880 2868 est,
916 2789 1064 2870 exigique
1100 2790 1140 2852 ab
1176 2790 1310 2871 antiquo
1334 2790 1510 2868 consvevit,

244 2892 330 2954 varie
356 2905 387 2954 et
409 2893 633 2975 multipliciter
656 2894 742 2976 ipsos
766 2907 962 2976 exponentes
985 2893 1155 2957 turbaretis
1179 2909 1210 2958 et
1233 2895 1454 2976 inquietaretis
1478 2896 1511 2956 in

245 2996 422 3079 dampnum
447 3011 479 3060 et
501 2998 716 3080 preiudicium
741 2999 884 3082 ipsorum
909 2998 1116 3062 manifestum
1151 3000 1237 3063 Cum
1261 3014 1368 3064 autem
1392 3020 1452 3063 nos
1474 3021 1512 3062 ex

245 3102 356 3165 debito
380 3104 546 3186 regiminis
569 3104 668 3166 nostri
694 3104 854 3166 debitores
877 3125 988 3167 sumus
1010 3105 1157 3168 subditos
1188 3119 1315 3168 nostros
1349 3106 1513 3187 quoslibet

244 3223 275 3271 et
299 3211 465 3291 presertim
490 3211 639 3273 ecclesias
663 3210 725 3288 dei,
751 3230 887 3292 quarum
922 3211 1049 3293 patroni
1072 3231 1193 3290 sumus,
1218 3211 1250 3272 in
1282 3211 1372 3292 justis
1399 3230 1512 3274 eorum

244 3315 368 3396 juribus
389 3315 580 3398 indempnes
603 3335 802 3396 conservare,
826 3315 972 3378 fidelitati
997 3329 1099 3378 vestre
1122 3315 1236 3378 harum
1261 3317 1511 3400 seriecommit·

247 3422 347 3484 timus
370 3435 401 3484 et
436 3422 627 3486 mandamus
650 3423 915 3504 presentibusque
946 3422 1152 3501 strictissime,
1187 3434 1345 3503 quatenus
1376 3423 1514 3504 acceptis

244 3527 455 3610 presentibus,
479 3529 545 3590 alio
568 3527 740 3610 superinde
765 3529 940 3590 Maiestatis
961 3541 1067 3589 nostre
1083 3547 1149 3590 non
1167 3541 1331 3610 expectato
1348 3529 1511 3606 mandam,

244 3633 351 3695 statim
376 3654 394 3695 a
418 3634 703 3696 molestacionibus
728 3647 759 3695 et
781 3633 1076 3716 inquietacionibus
1101 3633 1176 3696 dicti
1194 3633 1329 3695 thelonii
1353 3633 1511 3696 homnino

245 3739 451 3821 supersedere
475 3753 506 3802 et
529 3742 569 3802 ab
593 3739 832 3802 intromissione
856 3759 923 3801 sese
948 3740 980 3800 in
1008 3738 1087 3800 illud
1113 3738 1361 3820 quomodolibet
1389 3758 1511 3800 cessare

245 3844 389 3906 debeatis
413 3857 444 3905 et
465 3846 652 3907 teneamini.
677 3846 718 3907 Et
740 3845 765 3906 si
790 3845 868 3926 quid
893 3844 970 3926 juris
994 3845 1026 3906 in
1059 3863 1109 3922 eo,
1134 3845 1166 3904 in
1191 3857 1259 3905 toto
1284 3844 1335 3906 vel
1361 3844 1393 3904 in
1423 3857 1511 3924 parte

245 3963 300 4010 aut
323 3949 385 4010 alia
423 3969 628 4031 quacumque
662 3963 761 4031 quota
795 3949 911 4012 habere
945 3949 1144 4032 pretenditis,
1179 3949 1210 4010 id
1237 3949 1303 4026 jure
1339 3948 1512 4027 mediante,

245 4074 354 4116 coram
379 4056 464 4117 bano
487 4069 597 4117 nostro
630 4056 719 4136 regni
745 4056 917 4118 Sclauonie
942 4069 973 4116 et
996 4075 1061 4116 non
1086 4055 1137 4116 via
1162 4053 1246 4132 lacti,
1271 4054 1433 4135 requirere
1457 4054 1511 4116 de·

244 4161 345 4222 beatis
368 4173 399 4221 et
422 4161 607 4222 teneamini.
632 4161 789 4242 Alioquin
814 4161 1035 4222 commisimus
1059 4180 1115 4242 per
1139 4160 1218 4221 alias
1241 4159 1363 4221 litteras
1386 4173 1510 4221 nostras

245 4266 351 4326 eidem
376 4267 461 4328 bano
486 4279 606 4346 nostro,
631 4279 665 4328 ut
697 4287 752 4348 per
776 4267 885 4328 omnia
909 4266 986 4348 juris
1016 4265 1158 4328 remedia
1189 4277 1370 4346 opportuna
1405 4265 1446 4326 ad
1480 4265 1511 4326 id

243 4391 302 4433 vos
322 4370 506 4434 faciendum
523 4372 706 4454 compellat.
725 4373 823 4434 Secus
845 4373 904 4433 sub
928 4373 1062 4433 obtentu
1086 4370 1191 4450 gracie
1211 4369 1384 4431 Maiestatis
1402 4383 1508 4432 nostre

246 4477 429 4540 nullatenus
454 4475 558 4540 lacere
579 4491 810 4560 presumentes.
834 4477 1039 4538 Presentibus
1062 4475 1221 4558 perlectis,
1238 4474 1400 4538 exhibenti
1424 4477 1511 4538 resti·

245 4583 331 4644 tutis.
357 4583 476 4646 Datum
500 4584 591 4646 Bude
616 4582 694 4646 feria
720 4595 831 4665 quarta
867 4581 948 4644 infra
979 4597 1108 4643 octavas
1139 4581 1334 4642 ascensionis
1367 4581 1511 4644 Domini.

245 4691 342 4750 Auno
367 4687 512 4750 eiusdem
535 4689 708 4752 millesimo
733 4689 992 4770 quingentesimo
1017 4687 1174 4769 vigesimo
1198 4687 1307 4748 tercio.

353 4836 488 4902 Originale
508 4837 533 4888 iu
553 4838 651 4888 charta.
673 4837 699 4886 ln
727 4836 846 4900 margine
866 4834 984 4886 interiori
1005 4836 1164 4900 impressum
1183 4839 1225 4884 est
1244 4834 1369 4898 sigillum.
1391 4834 1417 4884 ln
1438 4834 1510 4884 arclr.

247 4939 305 4978 ven.
325 4926 405 4989 capit.
423 4927 487 4978 eccl.
506 4927 613 4990 zagrab.
633 4926 690 4976 Act.
711 4926 773 4988 Cap.
795 4930 846 4976 ant.
867 4924 930 4975 lasa.
955 4925 993 4974 to.
1014 4938 1050 4974 nr.
1072 4925 1113 4974 53.

1370 5029 1403 5089 ¹5
