3752 5806
421 584 463 646 ao
823 567 898 627 Dec.
913 561 965 631 18.
980 579 1029 641 19.
1049 600 1090 611 -
1107 567 1162 629 Aa.
1179 578 1266 644 1503.

420 792 634 876 zagrabiensis
668 810 727 874 pro
762 791 906 854 levandis
941 792 1033 854 certis
1069 767 1215 874 pecuniis
1249 792 1387 856 condam
1422 790 1679 854 reverendissimi

419 898 544 971 domini
559 897 710 964 ,Oswaldi
734 898 874 980 episcopi
900 897 1043 960 eiusdem
1067 899 1198 960 ecclesie
1219 898 1443 979 zagrabiensis‚
1460 918 1517 980 per
1541 899 1681 960 eundem

419 1005 459 1068 ad
476 1005 717 1068 ordinacionem
733 1016 960 1086 perpetuarum
975 1005 1146 1066 missarum
1163 1005 1290 1083 relictis,
1304 1025 1321 1068 a
1337 1004 1681 1086 quoquidemdomino

416 1112 506 1194 Luca
541 1111 693 1195 episcopo
728 1110 831 1192 prima
869 1110 934 1172 vice
973 1111 1225 1192 quadringentos
1260 1124 1290 1172 et
1325 1111 1527 1192 septuaginta
1561 1130 1681 1172 novem

419 1217 574 1294 florenos;
598 1216 737 1278 secunda
762 1236 838 1278 vero
862 1217 930 1278 vice
948 1217 1011 1277 dua
1027 1217 1128 1279 millia
1146 1217 1215 1280 lior.
1232 1217 1272 1278 ad
1289 1218 1571 1280 conservacionem
1589 1216 1680 1277 castri

418 1322 534 1404 laycza
557 1323 679 1404 integre
703 1334 733 1382 et
756 1323 825 1384 sine
848 1323 936 1400 omni
960 1321 1086 1385 defectu
1109 1323 1223 1385 levavi.
1240 1324 1307 1386 Nec
1331 1324 1423 1384 aliter
1445 1323 1512 1404 ipse
1529 1322 1682 1384 dominus

417 1429 522 1504 Lucas
545 1429 715 1510 episcopus
737 1429 890 1511 pecunias
913 1429 996 1512 ipsas
1020 1430 1168 1492 manibus
1193 1430 1274 1493 meis
1298 1429 1484 1510 assignavit,
1509 1429 1570 1490 nisi
1592 1428 1682 1511 prius

415 1534 646 1616 promisissem,
670 1535 758 1616 quod
782 1535 917 1617 pecunie
941 1537 1007 1618 ipse
1031 1535 1072 1598 ad
1097 1535 1378 1610 conservacionem
1402 1535 1495 1606 castri
1519 1535 1634 1616 Jaycza
1652 1547 1682 1594 et

417 1660 483 1703 non
511 1641 593 1724 alias
617 1653 826 1724 exponentur.
850 1642 884 1704 ln
918 1643 1007 1703 cuius
1039 1641 1084 1702 rei
1118 1641 1340 1704 testimonium
1370 1653 1533 1724 presentes
1561 1641 1683 1707 litteras

416 1765 505 1821 aneas
528 1747 635 1830 sigillo
657 1767 731 1813 meo
756 1748 952 1830 consignavi.
971 1747 1089 1814 Datum
1114 1747 1253 1808 Chasme
1275 1746 1356 1811 feria
1377 1747 1518 1820 secunda
1535 1746 1682 1828 proxima

417 1866 490 1934 post
513 1851 629 1915 festum
653 1854 737 1915 beati
762 1853 909 1935 Gregorii
934 1873 1026 1936 pape.
1051 1857 1147 1914 Anno
1175 1853 1297 1915 domini
1324 1854 1498 1920 millesimo
1523 1852 1682 1934 quingen-

417 1957 532 2030 tesimo
555 1959 665 2034 tercio.

524 2079 660 2148 originale
679 2081 706 2133 in
724 2081 823 2146 charta,
839 2081 865 2132 in
886 2079 1002 2146 margine
1021 2079 1139 2132 inferiori
1158 2082 1316 2145 impressum
1337 2086 1378 2134 est
1397 2081 1520 2145 sigillum,
1535 2079 1563 2130 la
1583 2080 1682 2135 archiv.

417 2184 477 2223 ven.
497 2170 582 2234 Capit.
602 2170 707 2235 zagrab.
727 2171 784 2224 Act.
807 2170 871 2234 Cap.
891 2175 942 2222 ant.
965 2169 1028 2222 fasc.
1048 2171 1090 2223 92.
1111 2185 1148 2220 nr.
1169 2171 1210 2220 37.

1021 2373 1076 2438 18.

524 2514 597 2564 Anno
619 2513 694 2576 1503,
715 2513 756 2564 23.
776 2511 877 2576 aprilis.
897 2511 1052 2577 Zagrabiae.

423 2638 596 2697 convenam
616 2656 678 2696 cum
689 2639 912 2712 praebendariis
923 2639 1057 2698 ecclesiae
1068 2639 1243 2696 cathedralis
1250 2640 1366 2714 sactum
1381 2640 1514 2698 demissa
1527 2642 1681 2714 »Assumff

567 2747 655 2804 crenis
677 2745 816 2802 Mariae«
835 2744 961 2820 singulis
983 2745 1080 2802 diebus
1099 2746 1295 2803 continuanda
1312 2748 1421 2804 annuis
1443 2757 1482 2820 25
1491 2747 1531 2822 st.

521 2887 617 2944 Anno
641 2882 765 2945 domini
796 2904 887 2966 1503.
905 2903 978 2945 cum
1002 2883 1225 2946 Prebendariis
1249 2884 1329 2948 lacta
1354 2899 1401 2946 est
1425 2885 1597 2947 conventio
1621 2905 1680 2968 pro

416 2987 511 3048 missa
528 2989 770 3070 Assumpcionis
788 2989 887 3051 Maria
912 2990 1045 3070 virginis
1068 2991 1207 3072 gloriose
1232 3011 1326 3074 super
1350 2992 1439 3053 altari
1461 3010 1517 3073 per
1533 3011 1680 3053 reveren-

416 3091 583 3154 dissimum
608 3093 777 3156 dominum
803 3095 933 3172 lucam,
949 3093 1126 3158 'dominum
1152 3111 1183 3158 et
1206 3097 1364 3180 prelatum
1388 3111 1533 3159 nostrum
1556 3098 1679 3179 gracio-

419 3197 591 3277 sissjmum,
602 3183 641 3261 'in
657 3201 837 3266 sanctuario
855 3221 871 3261 a
888 3201 982 3282 plaga
999 3203 1202 3270 meridionali
1221 3203 1259 3264 de
1277 3223 1363 3266 novo
1381 3201 1527 3284 fundato,
1544 3204 1681 3286 singulis

414 3303 528 3366 diebus
552 3305 768 3368 continuanda
792 3308 851 3368 sub
876 3326 992 3386 magna
1017 3309 1111 3370 missa
1136 3285 1239 3390 usciue
1261 3310 1502 3374 revolucionem
1519 3311 1607 3388 anni,
1621 3331 1680 3392 pro

415 3409 543 3470 florenis
577 3411 688 3491 viginti
713 3412 858 3493 quinque
882 3413 914 3474 in
948 3413 1074 3476 duobus
1097 3416 1241 3476 terminis
1275 3416 1395 3476 eisdem
1419 3415 1592 3477 solvendis.
1617 3417 1680 3478 Pro

415 3535 478 3596 qua
502 3517 597 3577 missa
621 3537 677 3598 per
701 3518 877 3581 antelatum
903 3521 1203 3584 reverendissimum
1233 3523 1403 3584 dominum
1427 3523 1548 3584 Lucam
1572 3537 1679 3603 empta

414 3635 460 3682 est
484 3621 573 3682 Bude
598 3643 660 3684 una
685 3623 801 3686 domus
833 3625 941 3687 acialis
965 3627 997 3688 in
1021 3647 1092 3688 area
1127 3649 1150 3688 s.
1175 3627 1299 3690 Nicolai
1325 3627 1516 3689 confessoris
1539 3648 1597 3710 pro
1622 3628 1679 3689 flo-

413 3728 498 3789 renis
522 3728 611 3789 mille
635 3730 892 3812 quadringentis;
915 3734 1146 3814 quamquidem
1172 3735 1301 3796 missam
1322 3748 1476 3816 ceperunt
1492 3735 1679 3796 continuare

414 3833 511 3894 iidem
543 3833 749 3897 Prebendarii
774 3837 805 3897 in
832 3837 912 3899 festo
944 3840 974 3900 b.
998 3839 1121 3900 Alberti
1154 3841 1301 3920 martiris,
1326 3841 1408 3902 circa
1437 3840 1535 3902 finem
1560 3843 1680 3903 mensis

413 3939 533 4021 aprilis.

519 4045 655 4111 Originale
681 4046 706 4099 in
737 4049 834 4100 charta.
864 4049 890 4100 ln
919 4048 1015 4102 archiv
1042 4065 1100 4102 ven.
1130 4050 1215 4115 Capit.
1239 4053 1345 4116 zagrab.
1373 4051 1430 4104 Act.
1457 4052 1520 4116 Cap.
1540 4059 1593 4105 ant.
1614 4053 1678 4105 fasc.

413 4129 473 4182 101.
492 4147 530 4186 nr.
553 4135 592 4187 10.

1016 4255 1071 4320 19.

519 4371 592 4422 Anno
614 4371 690 4438 150³,
709 4373 750 4427 26.
771 4373 872 4438 aprilis.
892 4374 1047 4441 Zagrabiae.

519 4494 628 4559 Tertia
653 4496 704 4557 die
728 4517 752 4558 s.
770 4497 901 4579 Georgii
926 4500 980 4562 dat
1004 4499 1245 4581 inquisitionem
1270 4502 1366 4585 judex
1390 4505 1550 4568 nobilium
1568 4519 1678 4568 contra

413 4596 570 4658 loannem
595 4601 738 4684 Posegay
763 4603 802 4663 de
826 4604 1002 4684 Egudoucz
1035 4605 1298 4671 tricesimatorem
1323 4611 1565 4691 zagrabiensem
1590 4613 1678 4693 quod

413 4719 498 4761 anno
527 4724 601 4782 1501
639 4706 719 4766 circa
744 4728 783 4768 ss.
809 4711 951 4790 corporis
987 4709 1105 4776 Christi
1137 4732 1173 4772 ex
1198 4714 1329 4776 cellario
1362 4716 1469 4777 coloni
1494 4719 1679 4800 capitularis

413 4805 520 4866 Bedek
545 4808 577 4870 in
602 4810 690 4871 Luka
715 4811 748 4872 in
771 4816 994 4895 promontorio
1018 4816 1161 4878 Vrabcha
1188 4835 1289 4882 unum
1313 4841 1369 4882 vas
1393 4823 1577 4886 abduxisset
1600 4825 1678 4885 vini.

413 4943 455 4953 -
474 4911 626 4975 Vicebani
651 4930 681 4977 et
705 4919 837 4980 comites
862 4921 1042 4983 Bernartius
1066 4922 1104 4983 de
1126 4923 1254 4987 Turocz
1278 4941 1309 4988 et
1333 4927 1498 4990 Balthasar
1521 4931 1562 4992 de
1584 4931 1678 5014 Alap.

390 5007 395 5018 Ι
519 5032 685 5090 Marcelovic'.
705 5037 829 5106 Regestn,
849 5047 981 5108 utsupra.
