3752 5806
614 545 690 602 Dec.
711 558 764 620 40.
789 577 829 586 -
855 545 910 606 An.
932 555 1016 619 1505.
1406 565 1445 625 39

175 774 339 856 pacientes
362 773 543 855 paupertati
568 785 598 834 et
622 772 729 854 inopie
755 771 900 833 fidelium
933 785 1115 834 nostrorum
1140 772 1443 854 circumspectorum

175 879 292 960 judicis
316 892 348 940 et
371 878 560 959 juratorum,
577 891 821 958 ceterorumque
846 879 964 940 civium
989 892 1020 940 et
1043 877 1293 940 inhabitatorum
1311 880 1446 942 civitatis

176 999 285 1047 nostre
309 985 431 1046 montis
449 983 628 1062 Grecensis,
645 984 677 1044 in
701 1003 798 1064 quam
822 984 943 1046 scilicet
966 985 1025 1066 ipsi
1049 985 1268 1066 superioribus
1293 987 1385 1046 annis
1413 986 1444 1046 in

177 1092 337 1153 extraneis
361 1103 392 1153 et
416 1090 530 1152 alienis
553 1090 702 1152 manibus
726 1091 905 1168 existentes,
931 1091 1095 1152 devenisse
1120 1090 1346 1168 dinoscuntur;
1376 1105 1445 1153 tum

177 1218 253 1258 vero
279 1197 356 1280 quia
381 1198 441 1280 ipsi
466 1197 550 1258 cives
573 1217 703 1258 murum
727 1196 870 1258 eiusdem
900 1197 1035 1258 civitatis
1058 1209 1165 1258 nostre
1189 1210 1319 1280 propter
1342 1211 1445 1260 vetus·

176 1317 277 1366 tatem
313 1303 380 1364 fere
415 1303 535 1384 ubique
569 1303 748 1385 collapsum
773 1303 805 1363 in
829 1303 930 1364 ruinis
954 1315 984 1364 et
1007 1302 1078 1364 aliis
1101 1303 1287 1364 necessariis
1310 1303 1445 1365 munici-

176 1411 296 1472 onibus
328 1409 369 1471 de
392 1422 500 1471 nostra
532 1409 759 1470 commissione
782 1407 955 1470 reformare
980 1420 1010 1470 et
1034 1421 1209 1470 restaurare
1232 1408 1369 1485 habent;
1402 1411 1445 1471 ob

176 1517 237 1578 hoc
261 1537 324 1578 nos
347 1515 469 1578 eisdem
493 1516 617 1577 civibus
640 1515 756 1576 nostris
780 1515 813 1576 in
837 1533 970 1596 corpore
997 1514 1117 1576 scilicet
1141 1515 1286 1576 eiusdem
1311 1515 1446 1576 civitatis

176 1637 285 1684 nostre
311 1622 586 1684 commorantibus
609 1637 738 1682 centum
759 1623 898 1685 florenos
914 1621 982 1682 auri
1000 1619 1040 1681 de
1058 1621 1152 1682 rebus
1168 1620 1288 1682 scilicet
1305 1633 1336 1682 et
1353 1619 1446 1682 bonis

176 1749 291 1791 eorum
310 1728 606 1790 mercimonialibus
623 1729 655 1789 in
671 1739 790 1788 sortem
806 1725 955 1788 videlicet
971 1725 1128 1788 tricesima
1145 1739 1250 1787 nostre
1267 1727 1307 1788 ab
1324 1726 1445 1788 eisdem

176 1836 337 1897 Maiestati
363 1848 468 1896 nostre
493 1835 662 1916 provenire
686 1833 852 1895 debendos
872 1832 1054 1913 quotannis,
1072 1831 1206 1893 durante
1223 1845 1332 1894 nostro
1349 1833 1445 1894 bene·

176 1942 309 2024 placito,
335 1941 485 2002 duximus
516 1939 725 2002 remittendos
756 1953 787 2001 et
810 1937 1010 2018 relaxandos,
1033 1937 1289 2018 remittimusque
1314 1951 1344 2000 et
1366 1937 1446 2000 rela-

176 2068 290 2110 xamus
324 2067 382 2130 per
412 2061 584 2130 presentes.
625 2046 700 2108 ldeo
732 2045 876 2107 fidelitati
910 2057 1012 2106 vestre
1050 2043 1163 2106 harum
1198 2045 1278 2106 serie
1314 2043 1445 2106 firmiter

176 2154 375 2236 precipimus
406 2152 450 2235 (et
473 2152 681 2234 precipiendo
705 2150 908 2231 mandamus)
941 2164 1099 2232 quatenus
1123 2150 1244 2212 eisdem
1269 2150 1392 2212 civibus
1415 2163 1446 2211 et

177 2259 449 2321 inhabitatoribus
488 2259 572 2320 dicte
608 2258 743 2320 civitatis
778 2270 884 2319 nostre
919 2256 1104 2318 huiusmodi
1142 2271 1270 2318 centum
1306 2255 1446 2318 florenos

176 2365 326 2446 singulis,
352 2377 386 2426 ut
409 2365 613 2446 premittitur,
627 2363 730 2446 (annis
753 2363 846 2424 nobis
870 2353 1037 2444 provenire
1062 2361 1251 2445 debendos),
1274 2362 1313 2423 de
1337 2374 1446 2422 nostro

177 2471 383 2554 beneplacito
413 2471 454 2532 de
490 2473 584 2532 rebus
618 2485 649 2532 et
683 2470 843 2532 mercibus
867 2488 979 2530 eorum
1004 2488 1041 2528 ex
1066 2469 1133 2550 ipsa
1157 2467 1315 2530 tricesima
1339 2480 1445 2530 nostra

176 2577 340 2638 remittere
372 2590 403 2638 et
434 2578 586 2656 relaxare,
610 2576 793 2656 remittique
825 2588 856 2636 et
887 2575 1020 2636 relaxari
1055 2572 1157 2635 lacere
1189 2574 1342 2652 debeatis,
1375 2573 1445 2654 (nec

177 2703 232 2744 eos
264 2681 319 2764 ad)
354 2684 560 2745 exaccionem
591 2682 776 2744 huiusmodi
808 2700 933 2742 summe
963 2694 1090 2762 tempus
1121 2680 1203 2741 infra
1236 2680 1445 2762 prescriptum

176 2803 278 2850 artare
311 2803 343 2850 et
366 2789 560 2870 compellere
585 2801 639 2850 aut
663 2789 790 2850 racione
815 2806 880 2848 non
905 2786 1081 2848 solucionis
1104 2785 1291 2847 huiusmodi
1316 2786 1444 2846 turbare

176 2909 206 2956 et
238 2895 397 2977 impedire
430 2896 544 2977 quovis
573 2893 672 2956 modo
696 2893 840 2955 audeatis
864 2911 970 2973 neque
994 2891 1060 2952 sitis
1084 2891 1153 2952 ausi
1178 2891 1277 2952 modo
1302 2891 1445 2972 aliquali.

176 3001 383 3064 Presentibus
408 3002 565 3083 perlectis,
590 3001 750 3062 exhibenti
776 2998 937 3060 restitutis.
967 2997 1085 3058 Datum
1111 2997 1201 3058 Bude
1226 2996 1445 3058 indominica

177 3107 278 3180 Quasi
311 3108 422 3169 modo.
447 3113 543 3168 Anno
576 3107 699 3168 domini
732 3105 905 3168 millesimo
930 3103 1189 3186 quingentesimo
1214 3105 1338 3185 quinto.
1361 3103 1445 3184 Reg-

176 3234 293 3276 norum
318 3229 502 3277 nostrorum
526 3233 612 3276 anno
638 3214 803 3294 Hungarie
828 3225 886 3274 etc.
904 3211 1030 3272 decimo
1055 3210 1179 3291 quinto,
1197 3209 1352 3272 Bohemie
1369 3228 1445 3270 vero

176 3322 347 3382 trecesimo
371 3321 496 3402 quint0.

282 3441 421 3508 Originale
448 3441 474 3493 in
500 3443 599 3508 charta,
617 3443 740 3493 lacerum.
760 3442 787 3492 ln
807 3439 924 3506 margine
943 3439 1061 3492 interiori
1081 3439 1239 3504 impressam
1262 3441 1303 3490 est
1322 3437 1446 3502 sigillum.

181 3531 207 3581 ln
228 3529 328 3582 archiv.
349 3529 394 3581 lib.
414 3544 470 3596 teg.
490 3530 539 3582 civ.
559 3527 748 3595 aagtabiensls.

783 3777 851 3843 40.

284 3918 361 3968 Anno
384 3917 458 3982 1505,
482 3919 503 3968 l.
517 3917 618 3982 aprilis.
638 3905 758 3970 Casmae.

175 4047 273 4103 Lucas
305 4047 388 4119 episc.
414 4047 531 4118 zagraa.
548 4055 607 4120 pra
639 4048 726 4104 missa
749 4047 919 4122 quotidiana
950 4048 980 4103 in
1003 4048 1137 4104 honorem
1161 4065 1181 4106 s.
1206 4047 1282 4119 regis
1306 4044 1448 4118 Stephani

176 4151 246 4227 „Os
261 4151 373 4228 βιαία,
398 4170 472 4226 quae
495 4153 564 4227 sam
587 4152 693 4209 dudum
725 4155 886 4210 intermissa
909 4161 957 4228 est,
987 4155 1016 4209 in
1035 4159 1205 4226 perpetuum
1220 4150 1374 4228 facienda,
1399 4149 1444 4208 de-

513 4260 601 4315 cimas
623 4259 763 4333 quasdam
786 4260 956 4333 episcopales
978 4259 1118 4332 assignat.

283 4398 353 4458 Nos
379 4397 480 4458 Lucas
502 4397 712 4459 miseracione
738 4397 847 4458 divina
872 4409 902 4458 et
926 4397 1101 4478 apostolice
1127 4396 1211 4456 sedis
1233 4395 1340 4476 gracia
1364 4395 1446 4476 epis-

175 4523 277 4585 copus
301 4502 433 4563 ecclesie
459 4503 674 4584 zagrabiensis
695 4516 752 4564 etc.
770 4503 811 4564 ad
835 4515 1022 4584 perpetuam
1041 4502 1084 4562 rei
1103 4501 1303 4562 memoriam.
1322 4501 1447 4561 Divinis

174 4609 345 4692 preceptis,
359 4609 609 4690 apostolicisque
634 4609 802 4670 incitamur
826 4609 968 4687 monitis,
993 4621 1027 4668 ut
1051 4627 1109 4690 pro
1134 4607 1339 4668 ecclesiarum
1363 4619 1446 4666 statu

175 4729 207 4777 et
231 4715 360 4794 decore,
378 4715 546 4796 cultusque
569 4714 669 4776 divini
695 4715 727 4780 iu
752 4715 797 4776 eis
818 4714 884 4796 jugi
903 4713 1104 4775 exhibicione
1121 4713 1259 4795 impigro
1277 4712 1447 4792 vigilemus

175 4821 302 4900 affectu,
328 4841 380 4899 ne,
403 4821 429 4882 si
461 4822 629 4882 occasione
660 4835 767 4882 nostra
800 4821 877 4882 dum
909 4821 1016 4881 minus
1049 4820 1185 4882 sollicite
1218 4819 1267 4880 his
1300 4839 1362 4900 que
1395 4818 1446 4879 dei

176 4941 259 5006 sunt,
285 4927 532 5004 intenderimus,
556 4925 796 5008 reprehensioni
829 4927 1006 4988 obnoxium
1040 4926 1162 5007 aliquid
1187 4926 1389 5008 potissimum
1414 4926 1445 4986 in

176 5034 340 5118 mysteriis
376 5033 486 5096 salutis
509 5033 615 5114 gregis
643 5033 797 5095 dominici
822 5033 949 5095 evenire
974 5033 1148 5114 contingat,
1174 5032 1301 5115 culpam
1326 5032 1446 5094 desidie
