3808 5792
397 487 459 550 228
819 484 894 544 Doc.
918 478 986 544 181.
1010 515 1053 526 -
1077 483 1132 544 An.
1156 495 1245 560 1523.

398 593 591 602 ,-

393 716 513 777 Jacobo
538 712 661 796 phisico
685 710 771 791 regie
804 710 979 773 Maiestatis
1011 723 1042 772 et
1074 709 1206 772 domina
1239 710 1386 792 Mylycza
1421 727 1569 774 consorte
1603 735 1659 776 sua

393 819 571 902 emptionis
602 817 697 878 titulo
735 816 925 878 litteratorie
965 828 1224 893 concernentem,
1261 816 1357 878 simul
1396 836 1468 879 curn
1509 820 1659 882 omnibus

393 925 537 988 eiusdem
562 923 638 984 novi
665 921 739 1002 loci,
764 920 827 1002 jam
852 935 887 983 ut
911 920 1067 1004 prefertur
1091 941 1129 982 ex
1152 921 1233 982 silva
1257 934 1288 983 et
1310 923 1461 1005 vepribus
1488 925 1659 1007 exstirpati,

394 1031 597 1108 utilitatibus,
622 1028 755 1110 juribus,
781 1027 902 1106 usibus,
926 1025 1202 1089 fructuositatibus
1226 1041 1257 1088 et
1281 1029 1486 1110 pertinenciis
1507 1031 1662 1092 universis

394 1137 539 1220 providis
564 1147 594 1197 et
618 1133 763 1196 honestis
788 1134 896 1194 Marco
914 1132 1061 1216 Wchych
1078 1133 1165 1194 dicto
1183 1146 1214 1194 et
1231 1133 1345 1194 Vrsule
1362 1135 1501 1196 consorti
1518 1137 1661 1198 eiusdem

400 1242 446 1303 uti
471 1240 535 1324 jam
559 1241 653 1302 novis
678 1239 793 1301 incolis
816 1251 848 1301 et
872 1239 1139 1300 inhabitatoribus
1161 1239 1311 1300 territorii
1336 1227 1472 1302 civitatis
1500 1256 1606 1303 nostre
1629 1263 1664 1303 ac

396 1367 451 1429 per
475 1367 530 1409 eos
554 1346 698 1428 ipsorum
723 1345 895 1408 heredibus
919 1365 977 1427 pro
1001 1344 1131 1407 florenis
1166 1357 1239 1406 octo
1274 1345 1342 1406 auri
1376 1359 1408 1407 et
1439 1321 1498 1428 per·
1526 1349 1664 1410 eundem

396 1453 540 1515 Marcum
565 1450 712 1534 Wchych
746 1450 868 1532 prefato
901 1451 1051 1512 Emerico
1081 1451 1232 1530 litteram,
1264 1465 1360 1533 prout
1389 1453 1524 1534 ipsemet
1556 1473 1661 1516 coram

396 1559 489 1620 nobis
513 1557 621 1619 retulit
644 1557 707 1639 jam
732 1557 792 1618 sibi
816 1556 911 1638 plene
936 1555 1018 1618 datis
1043 1569 1074 1618 et
1097 1557 1278 1639 persolutis,
1301 1577 1360 1639 pro
1383 1559 1549 1620 ereccione
1582 1579 1663 1620 nove

397 1665 525 1742 domus,
549 1676 585 1725 ut
608 1661 777 1745 prefertur,
800 1682 837 1723 ac
860 1662 999 1723 aliorum
1033 1661 1234 1726 edificiorum
1259 1662 1457 1726 vendidisset
1490 1677 1521 1726 et
1555 1678 1666 1726 contu-

397 1770 494 1848 lisset,
518 1769 621 1830 immo
645 1769 684 1830 de
709 1787 867 1830 consensu
895 1767 991 1830 vicini
1015 1768 1150 1850 predicti
1175 1768 1375 1830 vendidit'et
1398 1770 1536 1832 contulit
1560 1790 1665 1832 coram

397 1876 492 1937 nobis
515 1873 584 1956 jure
608 1885 764 1956 perpetuo
789 1887 820 1935 et
846 1873 1097 1936 irrevocabiliter
1122 1874 1310 1952 tenendum,
1343 1875 1590 1957 possidendum,
1614 1896 1668 1958 pa·

399 1982 474 2043 riter
505 1994 536 2042 et
570 1980 768 2059 habendum,
802 2000 838 2042 ac
873 1980 960 2041 iuxta
995 1977 1220 2042 condicionem
1257 1981 1393 2042 civitatis
1426 1995 1593 2064 prenotate
1629 1983 1669 2043 ab

398 2087 533 2169 antiquo
557 2085 800 2169 privilegialiter
824 2087 1045 2168 approbatam,
1070 2085 1381 2168 quomodocumque
1398 2087 1537 2148 voluerit
1562 2087 1669 2170 dispo-

400 2192 554 2254 nendum.
580 2193 614 2254 ln
640 2192 731 2253 cuius
755 2191 799 2253 rei
825 2191 1028 2270 memoriam,
1051 2191 1284 2271 testimonium,
1317 2191 1567 2274 firmitatemque
1600 2213 1672 2276 per·

400 2312 530 2380 petuam
555 2298 757 2380 presentibus
781 2297 924 2377 sigillum
948 2309 1094 2358 nostrum
1119 2316 1291 2358 commune
1309 2297 1463 2360 duximus
1485 2299 1673 2380 imprimen-

401 2403 491 2466 dum.
518 2403 639 2464 Datum
663 2401 742 2464 feria
766 2403 863 2463 tercia
886 2402 1032 2484 proxima
1058 2416 1131 2464 ante
1152 2401 1269 2464 festum
1303 2403 1506 2466 sacratissimi
1532 2405 1676 2486 corporis

402 2508 533 2570 Christi.
560 2513 658 2571 Anno
682 2509 807 2570 domini
832 2508 1005 2570 millesimo
1029 2509 1292 2590 quingentesimo
1317 2509 1474 2590 vigesimo
1498 2511 1608 2572 tercie.

509 2646 647 2712 Originale
668 2648 692 2699 in
724 2649 881 2699 membrana.
910 2652 934 2697 Α
953 2651 1031 2713 tergo
1052 2649 1219 2714 impressam
1245 2654 1287 2700 est
1316 2649 1434 2714 sigillum
1462 2651 1617 2702 communis.
1646 2649 1673 2700 ln

405 2736 504 2790 archiv.
525 2735 611 2792 inclit.
629 2737 725 2788 hccad.
745 2735 839 2787 scient.
860 2733 956 2786 Slavor
985 2735 1075 2788 merid.

1008 3018 1086 3084 181.

510 3177 585 3228 Anno
607 3177 681 3228 1523.
701 3178 726 3228 8.
743 3177 812 3242 julii.
832 3177 930 3228 Budae.

410 3305 572 3363 Petrooino
595 3313 624 3362 et
644 3283 831 3380 fiilyirkoor'na
856 3302 1085 3378 possessionibus
1119 3307 1317 3363 communitati
1346 3307 1473 3364 cr'oitotis
1495 3307 1680 3382 adjudicatis,

409 3410 571 3468 ludovicus
595 3411 649 3485 tt,
674 3411 777 3484 Hung.
795 3418 845 3470 etc.
868 3430 931 3486 rex,
947 3411 1074 3484 coprmlo
1096 3411 1228 3480 mundat,
1245 3420 1280 3468 ut
1299 3413 1527 3470 communitatem
1551 3414 1680 3470 cirritotts

912 3518 942 3573 in
965 3517 1040 3574 bono
1063 3517 1190 3578 inducat.

519 3653 705 3716 Ludouicus
728 3654 780 3716 dei
804 3656 910 3736 gracia
935 3676 989 3717 rex
1014 3655 1181 3738 Hungarie
1199 3669 1230 3718 et
1250 3655 1406 3718 Bohemie
1431 3669 1490 3718 etc.
1515 3657 1684 3718 Fidelibus

413 3760 531 3820 nostris
555 3761 697 3841 capitulo
722 3762 853 3824 ecclesie
879 3763 1094 3843 zagrabiensis
1116 3763 1253 3825 salutem
1278 3775 1309 3824 et
1331 3763 1483 3843 graciam.
1508 3763 1683 3840 Noveritis,

414 3866 445 3926 in
471 3865 670 3928 discussione
695 3880 726 3928 et
750 3868 896 3930 examine
927 3867 1095 3930 cuiusdam
1127 3889 1220 3930 cause
1245 3869 1327 3930 inter
1356 3888 1546 3950 generosam
1581 3868 1685 3930 dorni-

415 3990 491 4032 nam
517 3971 751 4052 Margaretham
776 3973 919 4034 relictam
952 3972 1114 4054 magnifici
1138 3973 1276 4036 condam
1309 3974 1465 4036 lobannis
1497 3974 1612 4056 Banlly
1645 3974 1685 4036 de

418 4077 597 4154 Eolondus,
632 4077 731 4138 filiam
756 4078 905 4139 videlicet
937 4079 1100 4160 magnifici
1136 4080 1214 4141 olim
1252 4079 1406 4141 Johannis
1444 4079 1611 4162 Hennyng
1647 4080 1687 4140 de

417 4182 627 4243 Zomzedwar
651 4196 686 4243 ut
709 4184 858 4245 actricem
883 4185 923 4245 ab
948 4205 1022 4263 una,
1047 4205 1082 4245 ac
1116 4184 1304 4265 magnificos
1336 4185 1516 4247 lobannem
1554 4185 1687 4266 Dragfiy

422 4289 461 4347 de
498 4288 663 4378 Belthewk
695 4289 820 4370 pridem
854 4290 1042 4370 magistrum
1078 4289 1335 4352 thavernicorum
1371 4304 1566 4370 nostrorum,
1602 4311 1687 4352 nunc

418 4412 494 4454 vero
528 4395 678 4455 comitem
716 4393 981 4457 Themesiensem
1015 4409 1047 4458 et
1081 4397 1224 4478 parcium
1258 4395 1447 4458 inferiorum
1484 4397 1688 4479 capitaneum

417 4497 601 4576 generalem
625 4501 665 4560 ab
689 4499 798 4578 altera,
822 4515 853 4562 et
879 4501 1009 4563 Petrum
1026 4502 1188 4585 Erdewdy
1205 4502 1245 4564 de
1262 4502 1518 4586 Monyarolrerelr
1542 4522 1560 4563 a
1589 4503 1688 4564 tercia

420 4602 574 4682 partibus,
607 4606 734 4667 racione
759 4619 790 4668 et
818 4620 964 4688 pretextu
996 4607 1220 4670 universorum
1252 4621 1439 4687 castrorum,
1472 4607 1688 4686 castellorum,

421 4707 626 4787 oppidorum,
643 4711 804 4790 villarum,
821 4712 1007 4793 prediorum
1031 4733 1067 4774 ac
1085 4712 1305 4794 quorumlibet
1328 4713 1447 4794 jurium
1471 4714 1688 4796 possessiona-

422 4811 541 4872 riorum
566 4815 726 4894 magnifici
750 4817 887 4879 condam
914 4818 1053 4897 Andree,
1070 4817 1127 4880 filii
1152 4819 1228 4881 dicti
1253 4820 1332 4881 olim
1350 4819 1505 4882 Johannis
1522 4819 1688 4902 Hennyng

423 4915 558 4977 ubilibet
581 4918 794 4996 adjacentium
821 4941 927 4985 coram
952 4937 1058 4984 nostra
1083 4923 1243 5005 personali
1261 4926 1427 5006 presencia
1451 4939 1538 4986 mote
1563 4937 1595 4986 et
1619 4944 1687 4984 ver·
