3732 5802
612 583 685 644 Doc.
710 597 778 660 123.
801 617 843 626 —
867 585 925 644 An.
951 585 1037 659 1516.
1403 608 1464 670 ¹49

193 806 332 886 vertatis,
356 806 544 889 dictumque
576 807 719 870 Blasium
752 809 784 870 in
817 811 1020 872 consorcium
1044 830 1101 873 seu
1123 812 1297 894 collegium
1321 831 1464 880 vestrum

191 915 313 994 absque
331 913 476 975 ulteriori
493 914 723 976 molestacione
740 915 800 976 sibi
818 916 858 978 de
875 917 1027 978 omnibus
1042 919 1252 998 proventibus
1268 924 1463 1004 responsuri,

191 1019 383 1101 recipiatis3·
401 1039 461 1081 nos
488 1020 574 1082 enirn
600 1019 807 1101 intendimus,
821 1042 886 1084 non
910 1022 1007 1103 longe
1030 1037 1113 1105 post,
1128 1023 1293 1088 hominem
1318 1041 1463 1092 nostrum

191 1125 366 1206 specialem
389 1124 492 1188 isthuc
516 1127 740 1206 transmittere,
765 1127 820 1208 qui
846 1127 914 1190 sine
936 1129 1070 1210 strepitu
1091 1143 1121 1191 et
1138 1129 1239 1211 figura
1256 1132 1378 1214 judicii,
1395 1136 1464 1198 sola

189 1229 265 1292 lacti
291 1231 422 1294 veritate
448 1232 602 1314 inspecta,
615 1246 646 1294 et
668 1233 751 1294 rixas
775 1253 855 1315 quas
876 1234 1029 1296 hactenus
1057 1233 1180 1298 fovistis
1197 1249 1227 1298 et
1243 1238 1306 1300 alia
1332 1260 1462 1321 queque

190 1334 323 1398 forsitan
355 1337 440 1400 male
469 1351 542 1405 ¹acta
578 1353 643 1400 tarn
668 1339 700 1410 in
725 1340 866 1422 capitulo
890 1361 988 1422 quam
1012 1341 1112 1404 eciam
1138 1343 1171 1404 in
1195 1344 1334 1427 collegio
1358 1359 1463 1410 vestro

193 1443 381 1504 auctoritate
413 1456 520 1506 nostra
549 1457 581 1505 et
611 1445 786 1526 apostolica
816 1446 859 1507 ita
884 1447 1015 1527 equabit
1039 1460 1070 1510 et
1093 1446 1323 1513 reformaturus
1348 1465 1405 1534 est,
1429 1467 1464 1516 ut

189 1548 329 1631 explosis
351 1549 443 1612 viciis
466 1563 497 1612 et
521 1551 739 1614 sedicionibus
762 1564 961 1615 sacrosancta
981 1553 1068 1635 pacis
1091 1567 1122 1615 et
1146 1554 1307 1618 charitatis
1331 1558 1460 1620 vincula

188 1656 417 1719 tantummodo
427 1675 490 1738 que
499 1677 573 1718 vere
591 1657 644 1720 dei
662 1659 833 1720 seminaria
849 1671 922 1721 sunt
938 1659 1089 1722 intervos
1113 1661 1282 1743 relinquat.
1303 1663 1460 1726 lussimus

189 1757 298 1824 autem
321 1760 391 1842 jura
414 1762 469 1824 illa
493 1763 560 1825 sive
583 1776 710 1844 statuta,
733 1764 906 1846 literaeque
929 1777 1059 1844 vestras,
1081 1786 1144 1848 que
1167 1767 1207 1829 ad
1225 1787 1339 1832 manus
1357 1770 1461 1833 domi·

188 1887 306 1930 norum
339 1869 564 1952 capitularium
595 1883 769 1952 utcumque
802 1871 995 1950 incideratis,
1020 1872 1112 1934 vobis
1143 1874 1263 1955 absque
1288 1875 1354 1940 ulla
1378 1875 1460 1938 diffi-

190 1973 308 2036 cultate
332 1975 466 2038 restitui.
491 1975 610 2038 Datum
636 1977 789 2058 Strigonii
814 1977 922 2038 indie
948 1977 1102 2040 cinerum.
1131 1983 1227 2042 Anno
1257 1983 1348 2062 1516.

413 2065 417 2072 ’
650 2082 796 2144 Thomas
820 2084 1001 2163 cardinalis,
1024 2084 1253 2166 Strigonieusis
1277 2099 1335 2149 etc.
1360 2107 1402 2150 m.
1426 2109 1458 2171 p,

194 2234 224 2290 β.
291 2199 323 2271 (Α
342 2204 440 2270 tergo).
466 2188 722 2251 Honorabilibus
741 2190 961 2272 prebendariis
977 2189 1065 2252 chori
1083 2191 1215 2252 ecclesie
1232 2194 1458 2274 zagrabiensis,

185 2293 280 2354 nobis
304 2291 438 2356 dilectis.
464 2293 610 2357 Thomas
632 2296 717 2357 tituli
742 2316 766 2358 s.
784 2296 913 2358 Martini
939 2296 971 2357 in
996 2296 1161 2358 Montibus
1183 2298 1363 2379 cardinalis,
1381 2300 1458 2361 Stri-

185 2398 353 2478 goniensis
375 2411 435 2462 etc.
459 2401 593 2481 legatus.

292 2503 429 2569 originale
448 2505 475 2556 in
495 2506 594 2570 charte,
613 2521 629 2557 a
647 2511 725 2572 tergo
745 2506 903 2571 impressum
923 2512 964 2558 est
983 2507 1107 2572 sigillam.
1128 2507 1155 2558 ln
1174 2507 1271 2560 archiv.
1291 2524 1349 2562 ven.
1371 2510 1456 2575 Capit,

185 2593 294 2656 zagrab.
314 2591 375 2646 Act.
396 2593 483 2658 Capit.
502 2598 555 2648 ant.
575 2593 638 2650 lasc.
658 2596 700 2648 92.
720 2609 758 2648 nr.
778 2594 819 2649 56.

779 2790 861 2856 123.

291 2911 367 2964 hano
389 2913 464 2979 1516,
485 2915 525 2964 14.
543 2913 617 2979 junii.
637 2913 794 2979 Zagrablae.

190 3022 356 3096 Capitulum
389 3024 575 3096 sagrabc'ense
609 3042 736 3093 causam,
770 3043 857 3098 quam
891 3020 1040 3099 collegium
1076 3026 1360 3086 Praebendan'orum
1392 3046 1455 3086 cum

176 3129 347 3201 praeposito
369 3137 468 3188 sancte
492 3129 612 3187 Mariae
635 3129 668 3186 de
690 3130 793 3188 balneo
815 3132 879 3204 agit
901 3133 1017 3205 collegio
1040 3133 1199 3208 archuduut,
1220 3133 1275 3190 leuc
1302 3135 1454 3192 clausula:

181 3241 323 3307 expensas
342 3242 398 3307 per
411 3243 517 3308 parles
539 3237 569 3292 in
593 3236 759 3294 huiusmodi
778 3255 867 3294 causa
882 3238 995 3312 saclas,
1011 3238 1111 3294 eisdem
1131 3239 1264 3312 partebus
1294 3241 1456 3313 aequaliter

720 3343 909 3401 tollerandas.

289 3445 357 3506 Nos
379 3445 556 3526 capitulum
588 3445 720 3508 ecclesie
744 3447 968 3528 zagrabiensis.
1003 3447 1159 3509 Memoria
1188 3448 1453 3511 commendamus

181 3566 294 3614 tenore
318 3551 520 3634 presencium
543 3551 757 3632 significantes
781 3553 898 3633 quibus
915 3553 1042 3635 expedit
1058 3553 1224 3616 universis.
1243 3554 1340 3628 Quod
1358 3556 1471 3644 nobis·

183 3659 235 3720 die
269 3657 411 3736 Saturni,
441 3657 575 3739 septima
608 3657 726 3718 mensis
750 3657 840 3738 junii,
865 3658 905 3720 de
929 3659 1167 3720 anno‘domini
1192 3659 1393 3742 infrascripto
1418 3662 1451 3722 in

181 3765 320 3827 sacrario
354 3762 485 3825 ecclesie
504 3777 622 3824 -nostre
656 3763 807 3845 predicte,
831 3765 904 3826 loco
933 3764 1082 3827 videlicet
1106 3766 1273 3847 capitulari
1298 3781 1450 3828 consveto

181 3871 441 3948 consedentibus,
474 3889 668 3951 causamque
705 3883 735 3931 et
770 3891 880 3932 causas
911 3871 993 3933 inter
1016 3871 1222 3934 honorabiles
1251 3871 1448 3934 Demetrium

178 3977 380 4061 prepositum
397 3975 529 4038 ecclesie
546 3975 726 4038 beatissime
743 3977 875 4057 virginis
892 3977 991 4038 Marie
1012 3977 1051 4038 de
1068 3997 1141 4040 area
1157 3990 1264 4039 nostra
1281 3977 1451 4060 capitular!
1473 4021 1474 4024 κ

180 4084 382 4166 zagrabiensi
406 4097 440 4145 ut
462 4097 603 4145 actorem
628 4097 658 4144 et
674 4084 777 4165 magis
793 4084 1002 4166 principalem
1020 4087 1059 4147 ab
1077 4105 1151 4164 una,
1168 4105 1226 4146 nec
1243 4068 1309 4146 non
1326 4084 1449 4167 Dyoni·
1493 4129 1496 4134 -

179 4192 265 4253 sium
289 4189 330 4252 de
355 4189 531 4252 Gwdowcz
556 4189 713 4251 decanum
738 4203 768 4251 et
792 4190 1040 4272 prebendarium
1075 4191 1162 4253 chori
1187 4191 1318 4252 ecclesie
1342 4204 1449 4252 nostre

180 4296 398 4379 zagrabiensis
412 4297 565 4380 predicte,
578 4309 743 4378 totamque
756 4297 1018 4360 communitatem
1037 4317 1094 4358 seu
1118 4297 1291 4378 collegium
1314 4298 1448 4378 preben-

180 4403 346 4465 dariorum
359 4403 503 4466 eiusdem
528 4403 661 4465 ecclesie
674 4403 773 4465 veluti
787 4403 820 4464 in
844 4423 972 4464 causam
989 4416 1138 4465 attractos
1159 4415 1190 4464 et
1206 4402 1312 4463 minus
1329 4401 1447 4484 princi·

178 4510 270 4593 pales
293 4511 333 4571 ab
367 4509 429 4571 alia
453 4509 607 4592 partibus,
631 4509 759 4571 racione
793 4509 992 4591 infrascripta
1016 4521 1174 4571 vertentes
1202 4521 1233 4570 et
1256 4507 1446 4588 ventillatas,

179 4617 221 4678 ad
245 4616 328 4678 hanc
358 4629 500 4678 nostram
523 4616 718 4678 sentenciam
750 4614 965 4694 diffinitivam,
989 4615 1132 4698 partibus
1158 4613 1350 4697 petentibus,
1374 4633 1446 4696 pro-

179 4723 335 4785 cessimus
358 4721 390 4784 iu
414 4721 500 4784 hunc
524 4722 579 4804 qui
608 4721 752 4803 sequitur
776 4721 929 4783 modum:
959 4721 993 4782 ln
1017 4722 1148 4783 nomine
1173 4719 1307 4782 domini.
1330 4723 1446 4782 Arnen.

180 4827 261 4892 Orta
285 4828 409 4911 pridem
434 4829 516 4892 inter
540 4827 745 4890 honorabiles
769 4828 969 4890 Demetrium
992 4829 1191 4911 prepositum
1215 4828 1347 4891 ecclesie
1372 4829 1445 4889 bea-

177 4935 300 4998 tissime
315 4936 413 4997 Marie
430 4935 563 5018 virginis
580 4935 618 4996 de
635 4955 708 4997 area
725 4947 832 4996 nostra
849 4935 1014 5016 capitulari
1031 4935 1241 5016 zagrabiensi,
1255 4947 1289 4995 ut
1305 4947 1445 4995 actorem

178 5055 210 5106 et
233 5041 337 5124 magis
366 5041 578 5124 principalem
607 5043 647 5104 ab
672 5061 747 5120 una,
771 5061 829 5103 nec
860 5059 926 5102 non
950 5041 1143 5123 Dyonisium
1177 5040 1216 5102 de
1250 5039 1445 5104 Gwdowecz
