3808 5792
666 570 738 628 Duc.
763 565 831 646 164.
855 601 898 612 —
924 569 979 632 An.
1003 581 1090 645 1520.
1437 586 1498 647 203

237 673 463 680 ——..-.——.-
472 673 638 680 ---—--—--
646 675 798 682 -.——--.-
1176 677 1221 682 —.—
1230 675 1500 682 .—--——-

152 829 153 832 =
237 794 392 857 ordinatis
416 796 526 859 debito
550 797 648 860 modo
673 811 840 881 prenotato
864 813 895 860 et
917 799 1037 880 absque
1062 797 1189 861 delectu
1220 817 1277 880 per
1308 798 1413 880 ipsum
1448 798 1501 858 lo·

235 901 374 963 hannem
399 903 645 984 prebendarium
670 917 724 966 aut
746 924 822 967 suos
845 923 1041 968 successores
1053 905 1299 982 celebrarentur,
1322 903 1496 965 vindictam

237 1005 346 1070 divine
369 1008 507 1070 ulcionis
531 1023 561 1071 et
586 1011 666 1071 iram
688 1010 820 1072 extremi
845 1010 965 1092 judicii.
991 1011 1061 1093 lpse
1086 1029 1162 1072 vero
1196 1009 1347 1071 dominus
1380 1007 1502 1091 Grego-
1588 1087 1592 1096 Ι

237 1113 302 1174 rius
324 1115 563 1196 prenominatus
587 1115 702 1178 domos
726 1117 907 1198 superiores
930 1117 1030 1180 modo
1054 1136 1119 1198 quo
1143 1116 1334 1198 premissum
1351 1128 1397 1176 est
1411 1114 1502 1176 labo-

237 1238 306 1280 rare
328 1217 432 1282 iacere
456 1235 488 1283 et
512 1221 622 1284 debito
647 1222 748 1285 modo
779 1223 941 1306 complere
973 1223 1119 1285 similiter
1151 1221 1372 1304 compromisit
1408 1234 1503 1303 prout

238 1325 339 1386 eciam
363 1326 537 1409 complevit
560 1327 658 1409 pleno
682 1348 755 1390 cum
780 1329 904 1392 effectu.
930 1328 1047 1391 Prefati
1072 1328 1169 1410 igitur
1202 1327 1354 1390 dominus
1380 1327 1503 1408 Grego-

239 1427 303 1490 rius
327 1443 358 1491 et
382 1429 545 1494 lohannes
568 1433 800 1514 prebendarius
823 1435 916 1496 nobis
941 1453 1013 1496 cum
1038 1434 1127 1496 omni
1152 1433 1333 1496 humilitate
1357 1445 1390 1494 et
1415 1453 1503 1495 reve-

237 1537 344 1598 rencia
364 1538 635 1620 supplicaverunt,
660 1553 818 1622 quatenus
842 1541 1049 1624 dignaremur
1072 1552 1256 1623 prenotatas
1281 1539 1360 1601 duas
1392 1540 1505 1601 missas

238 1643 423 1705 auctoritate
448 1659 555 1707 nostra
580 1645 662 1708 dicte
687 1647 848 1728 prebende
873 1661 1042 1710 annectere
1067 1647 1154 1709 etin
1186 1659 1376 1728 perpetuum
1413 1646 1503 1708 unire

239 1769 273 1811 ac
291 1749 476 1812 huiusmodi
493 1771 605 1813 eorum
622 1751 925 1832 deliberacionibus,
943 1753 1248 1835 compositionibus,
1265 1752 1505 1834 compromissis

240 1868 270 1918 et
293 1857 508 1919 contractibus
529 1871 674 1920 nostrum
707 1859 895 1940 benignum,
920 1857 1131 1922 favorabilem
1164 1871 1194 1920 et
1221 1858 1402 1940 graciosum
1434 1877 1504 1940 pre·

240 1963 314 2025 bere
334 1983 535 2026 consensum.
560 1965 628 2027 Nos
652 1966 770 2048 itaque,
797 1967 853 2048 qui
877 1985 1003 2048 semper
1026 1965 1173 2048 cupimus
1195 1977 1378 2026 nostrorum
1395 1963 1503 2024 subdi-

238 2083 344 2130 torum
361 2070 532 2132 commoda
549 2085 580 2133 et
603 2072 756 2135 utilitates
772 2093 808 2135 ac
833 2073 985 2154 quietem,
1004 2073 1036 2134 in
1061 2084 1217 2154 quantum
1242 2089 1413 2152 possumus
1429 2089 1502 2152 pro·

240 2194 380 2255 movere,
394 2177 633 2240 considerantes
645 2179 779 2240 nimiam
803 2179 930 2240 ruinam
955 2191 986 2240 et
1007 2191 1180 2240 extremam
1199 2177 1419 2238 necessitatem
1434 2195 1504 2259 pre·

241 2281 346 2343 bende
370 2281 510 2364 predicte
544 2284 644 2366 ipsius
675 2284 830 2346 Johsnnis
860 2284 1074 2366 prebendarii,
1108 2303 1147 2344 ne
1178 2303 1236 2366 per
1267 2281 1504 2344 desolacionem

240 2387 476 2470 prebendarum
501 2388 713 2470 jurisdictioni
738 2403 769 2453 et
792 2390 941 2472 regimini
966 2403 1074 2452 nostre
1102 2389 1344 2451 commissarum
1378 2400 1409 2449 et
1440 2407 1504 2450 cre·

242 2493 382 2555 dirarum
406 2494 511 2556 cultus
534 2495 662 2558 divinus
685 2496 717 2557 in
743 2497 810 2579 ipsa
834 2495 967 2558 ecclesis
992 2507 1100 2558 nostra
1131 2495 1313 2577 aliqualiter
1346 2493 1505 2556 diminue-

241 2612 338 2678 retur,
362 2600 418 2662 sed
442 2601 555 2683 pocius
578 2615 750 2684 augeatur;
775 2603 1013 2665 considerantes
1044 2601 1144 2664 eciam
1176 2600 1362 2663 huiusmodi
1392 2601 1507 2662 domos

244 2705 424 2788 superiores
440 2726 504 2768 non
521 2707 627 2770 solum
644 2708 704 2791 ipsi
722 2709 856 2770 domino
874 2696 1012 2770 Johanni
1037 2707 1251 2790 prebendario
1275 2725 1387 2768 verum
1404 2707 1505 2768 eciam

242 2810 307 2872 suis
339 2813 575 2875 successoribus
605 2814 802 2896 permaxime
828 2833 895 2876 esse
927 2813 1130 2893 necessarias,
1162 2813 1256 2876 utiles
1288 2825 1319 2874 et
1347 2811 1506 2892 honestas,

240 2915 437 3000 prelatorum
461 2918 585 2981 domini
612 2918 760 3003 Gregorii
794 2933 825 2983 et
850 2921 1005 2984 lohanuis
1034 2920 1236 3004 prebendarii
1269 2920 1330 3002 piis
1360 2921 1443 2982 votis
1476 2932 1507 2982 et

240 3022 419 3086 humilibus
442 3026 736 3109 supplicacionibus
759 3028 898 3110 benigne
923 3041 954 3090 et
978 3027 1197 3090 favorabiliter
1220 3027 1374 3106 inclinati,
1391 3046 1506 3110 preno-

242 3130 379 3193 minatae
402 3131 482 3193 duas
505 3133 617 3195 missas
640 3153 680 3196 eo
704 3136 803 3197 modo
828 3148 859 3197 et
882 3134 996 3196 ordine
1021 3155 1077 3217 per
1108 3134 1228 3213 omnia,
1264 3153 1330 3216 quo
1360 3133 1506 3196 ordinate

242 3251 326 3316 sunt,
351 3236 434 3299 dicte
458 3239 621 3322 prebende
645 3253 676 3302 et
700 3242 812 3303 domui
837 3241 933 3303 simul
957 3241 1145 3302 auctoritate
1169 3253 1276 3302 nostra
1308 3239 1507 3302 annectimus

242 3356 273 3404 et
297 3343 329 3404 in
353 3357 544 3426 perpetuum
569 3346 710 3426 unimus,
734 3359 908 3410 statuentes
932 3347 1015 3409 circa
1039 3347 1100 3409 hoc
1116 3361 1147 3408 et
1171 3346 1367 3425 ordinantes,
1386 3359 1421 3407 ut
1437 3346 1504 3428 ipse

243 3449 405 3511 lohannes
438 3451 669 3533 prebendarius
704 3473 742 3514 ex
766 3473 852 3516 nunc
876 3468 907 3516 et
939 3454 971 3514 in
1002 3452 1144 3515 futurum
1178 3472 1292 3514 omnes
1327 3464 1358 3513 et
1388 3451 1534 3533 singuli·

242 3555 445 3637 prebendarii
471 3557 615 3620 eiusdem
639 3579 840 3621 successores
875 3561 908 3621 in
944 3559 1168 3642 assumpcione
1202 3579 1259 3620 sua
1296 3558 1336 3620 ad
1371 3555 1506 3619 eandem

243 3661 439 3744 prebendam
465 3663 559 3725 nobis
583 3677 613 3726 et
648 3665 883 3727 successoribus
914 3665 1029 3727 nostris
1064 3665 1146 3746 juret
1169 3677 1200 3727 et
1228 3665 1333 3745 jurent
1363 3663 1403 3724 ad
1437 3681 1506 3744 pre·

243 3767 339 3829 missa
363 3768 472 3830 omnia
497 3782 527 3830 et
558 3769 684 3851 singula
716 3790 755 3832 eo
788 3770 898 3849 modo,
922 3790 987 3852 quo
1023 3771 1169 3832 ordinata
1204 3783 1288 3848 sunt,
1319 3771 1387 3831 sine
1418 3768 1507 3830 omni

243 3872 371 3936 defectu
395 3887 450 3936 aut
474 3875 654 3938 violacione
678 3876 877 3938 observanda
902 3897 937 3938 ac
961 3877 1000 3938 de
1029 3890 1060 3939 et
1084 3896 1179 3959 super
1203 3877 1354 3938 omnibus
1385 3891 1416 3936 et
1444 3875 1507 3935 sin-

242 3980 327 4061 gulis
365 3980 638 4061 ordinacionibus,
663 3983 969 4065 composicionibus,
993 3983 1218 4060 contractibus,
1250 3981 1508 4064 obligacionibus

243 4100 274 4148 et
310 4087 571 4149 conclusionibus
601 4089 646 4150 sic
670 4103 705 4150 ut
739 4089 932 4172 premittitur
962 4089 1044 4152 inter
1076 4089 1162 4170 ipsos
1195 4087 1285 4150 iactis
1316 4102 1347 4150 et
1382 4086 1507 4166 habitis,

245 4205 391 4254 nostrum
415 4193 603 4255 benivolum
640 4205 671 4256 et
693 4195 874 4276 graciosum
898 4208 1051 4276 tanquam
1077 4195 1143 4256 veri
1168 4207 1198 4256 et
1215 4194 1362 4276 legittimi
1383 4193 1508 4276 patroni

244 4300 416 4380 prebemus
440 4319 632 4361 consensum
658 4301 777 4382 pariter
800 4314 831 4362 et
858 4320 1032 4380 assensum,
1058 4321 1160 4382 eaque
1194 4300 1303 4362 omnia
1328 4312 1359 4360 et
1381 4299 1508 4380 singula

244 4404 288 4464 sic
311 4417 342 4466 et
365 4402 480 4483 taliter,
504 4417 539 4466 ut
563 4407 753 4487 premissum
787 4419 843 4484 est,
867 4406 1013 4468 ordinata
1044 4425 1100 4489 per
1132 4405 1264 4468 eosdem
1297 4419 1327 4466 et
1359 4404 1509 4467 conclusa

242 4510 386 4592 graciose
409 4525 621 4593 acceptamus,
646 4501 864 4592 concedimus,
888 4495 1115 4574 confirmamus
1138 4525 1169 4575 et
1185 4512 1385 4594 presencium
1403 4523 1508 4594 patro-

245 4618 330 4678 cinio
355 4617 603 4680 communimus.
629 4619 669 4679 Et
692 4618 767 4700 quia
792 4619 1006 4682 communitas
1022 4618 1308 4701 prebendariorum
1325 4630 1509 4680 nostrorum

246 4735 430 4785 constater
455 4737 593 4806 quatuor
620 4723 798 4803 ordinibus,
823 4744 962 4806 quorum
986 4724 1136 4786 ordinum
1170 4725 1307 4807 quilibet
1338 4744 1395 4806 per
1418 4744 1509 4785 suam

245 4849 283 4890 ex
307 4829 420 4891 ordine
445 4830 659 4892 ebdomadam
692 4829 903 4914 perficiendas
937 4829 1031 4892 horas
1062 4831 1242 4909 canonicas,
1274 4831 1384 4892 missas
1418 4831 1509 4892 beate

246 4935 378 5017 virginis
401 4949 432 4997 et
457 4935 504 4998 Os
527 4935 599 5018 justi
623 4937 691 4998 sine
715 4936 825 5018 aliquo
850 4935 977 4998 defectu
1001 4937 1107 4998 dicere
1132 4949 1163 4998 et
1185 4935 1335 5019 perficere
1352 4947 1508 5015 teneatur,

246 5060 286 5102 ne
310 5061 366 5123 per
389 5040 550 5104 delectum
574 5055 605 5104 et
629 5042 882 5104 diminucionem
905 5041 1139 5124 prebendarum
1158 5055 1337 5104 nostrarum
1354 5041 1398 5102 sic
1422 5041 1507 5103 ordi·
