3808 5792
424 541 486 620 248
839 545 903 600 Duc
934 557 1006 602 200.
1033 576 1071 586 -
1099 545 1153 600 An.
1179 539 1270 618 1526.

422 772 554 854 bewczy
577 783 691 850 essent,
708 791 788 853 quas
811 773 851 832 ab
875 791 914 833 eo
938 772 1220 854 impresentiarum
1238 772 1280 833 ob
1297 771 1329 833 id
1342 770 1451 833 haberi
1467 791 1532 834 non
1550 787 1689 855 possent,

425 877 513 959 quod
549 878 616 960 ipse
654 878 686 939 in
711 878 858 960 proxime
893 878 1046 960 preterito
1080 877 1223 960 generali
1260 891 1420 940 conventu
1454 879 1687 960 regnicolarum

424 997 606 1046 nostrarum
630 997 732 1046 certas
754 986 796 1047 ob
822 1004 931 1047 causas
956 1004 1012 1066 per
1035 1003 1094 1046 nos
1118 985 1314 1066 proscriptus
1337 997 1368 1047 et
1392 999 1469 1047 nota
1493 984 1690 1048 infidelitatis

425 1090 658 1152 condemnatus
682 1103 780 1166 easet;
807 1103 876 1152 tum
900 1110 988 1170 vern,
1012 1090 1100 1172 quod
1129 1091 1228 1153 iidem
1264 1091 1360 1172 (cives
1394 1105 1425 1152 et
1447 1091 1600 1173 hospites)
1629 1090 1690 1152 hoc

424 1209 569 1278 tempore
593 1194 773 1258 defensioni
798 1197 898 1258 eciam
922 1216 958 1258 ac
991 1197 1231 1258 conservacioni
1264 1195 1384 1278 prefate
1418 1197 1554 1258 civitatis
1585 1209 1688 1258 nostre

426 1301 544 1362 montis
569 1301 748 1380 Grecensis,
772 1322 834 1383 que
860 1349 867 1364 .
893 1351 900 1364 .
926 1349 933 1364 .
959 1350 965 1364 .
990 1322 1057 1364 non
1088 1304 1163 1364 satis
1186 1303 1226 1364 ab
1263 1301 1354 1364 hoste
1385 1315 1453 1364 tuta
1488 1323 1556 1364 esse
1588 1315 1690 1385 potest

426 1407 689 1488 superintendere
713 1421 745 1470 et
782 1409 950 1489 invigilare
983 1409 1122 1471 debeant
1146 1455 1287 1472 .....
1311 1429 1345 1471 se
1369 1409 1513 1492 ipsorum
1546 1409 1688 1490 invigila-

425 1512 549 1575 tionem
574 1527 605 1574 et
629 1559 636 1576 .
662 1561 669 1575 .
696 1561 703 1575 .
729 1565 735 1577 .
762 1529 934 1596 nequeant,
958 1513 1039 1576 infra
1064 1528 1190 1596 tempus
1214 1516 1370 1598 presentis
1392 1515 1588 1596 gravaminis
1606 1561 1613 1576 .
1630 1561 1638 1574 .
1655 1561 1688 1576 ..

426 1619 542 1680 nostris
564 1619 708 1700 graciose
732 1619 940 1683 differendam
966 1620 1115 1682 duximus
1139 1635 1170 1682 et
1192 1620 1442 1704 prorogandam,
1474 1621 1574 1683 immo
1606 1618 1689 1681 del·

427 1726 527 1788 rimus
552 1739 583 1787 et
606 1745 818 1808 prorogamus
834 1726 1034 1808 presencium
1052 1746 1108 1808 per
1130 1727 1285 1808 vigorem.
1311 1727 1470 1800 Quocirca
1486 1726 1691 1789 fidelitatibus

428 1831 539 1893 vestris
563 1844 593 1892 et
616 1844 795 1893 vestrorum
819 1832 952 1894 cuilibet
974 1833 1088 1894 harum
1111 1833 1191 1896 serie
1216 1833 1408 1894 mandamus
1432 1845 1463 1895 et
1487 1833 1689 1915 precipimus,

428 1951 585 2018 quatenus
608 1937 727 2000 amodo
752 1935 833 1999 infra
857 1951 984 2020 tempus
1007 1939 1198 2020 premissum
1215 1959 1343 2001 causam
1360 1938 1515 2022 prefatam
1532 1939 1690 2002 dictorum

429 2043 547 2104 civium
571 2057 754 2106 nostrorum
778 2044 984 2127 suspendere,
998 2043 1123 2107 differre
1149 2059 1180 2108 et
1195 2065 1379 2128 prorogare,
1396 2066 1432 2108 ac
1455 2065 1513 2128 pro
1530 2065 1692 2127 suspensa,

430 2148 527 2210 dilata
552 2162 583 2210 et
606 2163 776 2231 prorogata
800 2149 918 2212 habere
943 2150 1096 2214 debeatis.
1122 2151 1220 2213 Secus
1244 2150 1347 2214 lacere
1373 2151 1463 2214 nullo
1492 2151 1591 2212 modo
1621 2169 1691 2233 pre·

429 2255 606 2316 summatis.
643 2255 846 2318 presentibus
877 2256 1034 2339 perlectis,
1067 2256 1229 2318 exhibenti
1262 2257 1424 2319 restitutis.
1448 2256 1568 2318 Datum
1603 2257 1693 2318 Bude

429 2360 563 2422 sabbato
587 2361 619 2422 in
642 2360 784 2443 profesto
808 2363 982 2424 nativitatis
1006 2363 1089 2425 beati
1116 2363 1248 2424 loannis
1280 2364 1425 2446 baptiste.
1449 2367 1546 2425 Anno
1570 2363 1693 2425 domini

430 2465 605 2528 millesimo
630 2467 890 2549 quingentesimo
914 2468 1072 2550 vigesimo
1096 2483 1195 2531 sexto.

536 2605 671 2672 Originale
703 2608 729 2659 ln
760 2572 858 2672 charta,
889 2612 931 2659 eat
966 2609 1095 2660 laceram.
1125 2608 1152 2659 ln
1179 2609 1297 2674 margine
1323 2609 1441 2662 iulerlori
1469 2610 1627 2676 impressum
1654 2617 1695 2662 est

431 2693 557 2760 sigillum.
577 2694 604 2746 ln
623 2696 720 2748 arelrlv.
740 2696 800 2748 lncl.
819 2697 918 2749 Accad.
938 2693 1035 2749 Scieut.
1059 2693 1162 2748 Slavor.
1183 2697 1275 2750 merld.

1019 2979 1111 3046 200.

536 3135 611 3188 Anno
634 3135 708 3189 1526.
727 3139 769 3191 23.
788 3138 855 3204 jauil
875 3138 972 3191 Budas.

432 3282 598 3342 Ludouicus
622 3282 676 3356 II.,
699 3283 802 3356 Hung.
826 3290 867 3340 etc
899 3303 964 3359 rex,
987 3285 1071 3342 banis
1093 3283 1251 3344 Slavoniae
1274 3286 1360 3360 regni
1371 3286 1466 3362 jubet,
1498 3294 1533 3344 ut
1553 3288 1628 3344 cives
1649 3305 1695 3342 sa·

494 3389 661 3464 grabisnses
683 3386 849 3464 defendant,
873 3392 900 3446 si
922 3391 987 3464 quis
1010 3391 1047 3448 ab
1075 3392 1113 3448 iis
1134 3394 1259 3466 vcsngal
1278 3393 1326 3450 vel
1337 3393 1502 3466 portorium
1522 3393 1633 3466 exrgat.

1081 3547 1242 3599 Commisslo
1262 3548 1371 3612 propria
1390 3547 1490 3600 domiui
1511 3548 1593 3614 regis.

539 3633 725 3696 Ludouicus
749 3633 800 3695 dei
825 3635 931 3715 gracia
955 3654 1008 3696 rex
1035 3636 1201 3718 Hungarie
1226 3650 1257 3698 et
1279 3637 1433 3700 Bohemie
1457 3650 1516 3700 etc.
1533 3639 1557 3699 F
1561 3639 1697 3702 idelibus

435 3740 551 3802 nostris
574 3739 745 3822 magnifico
770 3740 940 3802 Francisco
965 3741 1004 3802 de
1029 3742 1187 3826 Batthyan
1218 3763 1392 3825 regnorum
1417 3757 1599 3806 nostrorum
1624 3744 1697 3806 Dal·

435 3847 548 3924 macie,
581 3846 716 3909 Croacie
762 3859 793 3908 et
836 3847 1008 3908 Sclauonie
1039 3849 1208 3928 moderno,
1243 3849 1423 3932 futurisque
1458 3851 1549 3911 banis
1585 3870 1697 3912 eorun-

435 3953 574 4034 demque
599 3952 771 4030 vicebanis,
794 3965 957 4034 presentes
981 3953 1104 4032 visuris,
1128 3954 1264 4016 salutern
1282 3969 1313 4017 et
1327 3957 1479 4036 graciam.
1504 3956 1694 4038 Expositum

435 4072 482 4120 est
506 4058 663 4120 Maiestati
686 4072 793 4121 nostre
824 4079 883 4141 pro
918 4073 1007 4142 parte
1038 4061 1124 4122 etin
1157 4061 1302 4143 personis
1337 4061 1481 4123 fidelium
1517 4053 1698 4125 nostrorum

435 4164 630 4247 prudentum
654 4178 685 4226 et
709 4165 1012 4248 circumspectorurn
1036 4166 1150 4247 judicis
1174 4180 1205 4228 et
1235 4166 1424 4248 juratorum,
1456 4183 1698 4251 ceterorumque

436 4272 659 4333 universorum
682 4271 800 4332 civium
825 4285 855 4333 et
880 4272 1058 4334 incolarum
1082 4273 1217 4334 civitatis
1241 4287 1347 4335 nostre
1379 4275 1499 4336 montis
1532 4274 1700 4337 Grecensis

435 4397 492 4458 per
515 4376 649 4438 modum
672 4378 778 4457 gravis
801 4377 942 4458 querele,
966 4377 1054 4459 quod
1078 4379 1225 4460 quamvis
1241 4379 1301 4462 ipsi
1318 4380 1449 4461 antiqua
1467 4399 1580 4442 eorum
1606 4381 1698 4442 liber·

436 4481 508 4542 tatis
532 4482 731 4563 prerogativa
756 4502 811 4564 per
830 4483 922 4544 divos
946 4483 1082 4545 condam
1107 4505 1197 4566 reges
1230 4485 1407 4568 Hungarie,
1431 4500 1559 4548 nostros
1583 4488 1702 4549 scilicet'

437 4587 686 4668 predecessores,
700 4588 775 4669 ipsis
798 4589 940 4670 graciose
965 4609 1113 4652 concessa
1138 4603 1169 4652 et
1191 4611 1248 4672 per
1273 4611 1332 4652 nos
1360 4611 1490 4673 quoque
1515 4592 1700 4655 confirmata

437 4693 660 4773 requirente,a
684 4693 849 4755 solucione
873 4695 1044 4756 cuiuslibet
1067 4696 1177 4758 tributi
1194 4709 1225 4757 et
1241 4697 1384 4758 thelonei
1407 4711 1474 4759 tam
1491 4698 1531 4760 de
1556 4699 1699 4782 personis

438 4798 574 4880 propriis
598 4818 696 4880 quam
720 4799 759 4861 de
795 4801 888 4861 rebus
911 4814 941 4861 et
974 4802 1067 4863 bonis
1102 4821 1215 4864 eorum
1250 4803 1417 4885 quibusvis
1451 4802 1519 4866 lieri
1556 4804 1698 4866 debenda

438 4903 565 4984 penitus
590 4917 620 4965 et
643 4925 699 4986 per
722 4907 831 4967 omnia
866 4908 1005 4989 exempti
1036 4922 1141 4970 essent
1172 4923 1203 4970 et
1233 4909 1410 4991 supportati
1445 4909 1562 4991 forent,
1596 4924 1698 4973 tamen

438 5008 594 5089 plerique,
618 5011 673 5091 qui
697 5009 836 5092 prefatos
860 5013 945 5075 cives
970 5027 1000 5074 et
1024 5014 1145 5076 incolas
1168 5015 1311 5098 predicte
1328 5015 1464 5077 civitatis
1486 5017 1607 5078 montis
1625 5017 1697 5079 Gre-
