3752 5806
408 529 445 590 52
854 511 921 570 Dec.
937 523 981 586 49
1008 543 1043 551 -
1065 512 1112 568 An
1139 507 1227 584 [506.

405 738 447 790 Ad
466 739 592 790 fabricam
611 738 725 788 ecclesie
745 737 829 788 sancti
850 736 963 788 Emerici
990 774 1455 788 ..............
1482 736 1507 788 ii.
1527 735 1549 786 V

404 827 446 880 Ad
466 831 585 879 sanctum
604 825 772 878 Franciscnm
810 861 1453 878 ...................
1478 823 1502 876 n.
1522 823 1543 874 V

405 915 447 968 Ad
468 921 587 968 sanctum
606 913 752 978 Jobannem
775 913 907 979 Zagrabie
915 952 1454 965 ...............
1479 911 1503 962 fl.
1523 912 1545 962 V

406 1003 448 1056 Ad
467 1004 610 1055 heremitas
631 1017 715 1068 prope
736 1001 894 1068 Zagrabiam
914 1039 1453 1054 ................
1477 999 1543 1052 nv

403 1093 444 1146 Ad
464 1090 607 1156 hospitalia
626 1106 648 1144 s.
667 1093 812 1156 Elysabetb
832 1097 858 1142 et
877 1090 992 1142 civitatis
1056 1128 1454 1140 ............
1482 1089 1497 1138 n
1527 1089 1548 1138 V

408 1179 594 1232 Prebendariie
614 1180 850 1245 zagrabiensibus.
880 1219 885 1230 .
916 1219 921 1229 .
953 1220 957 1229 .
988 1219 993 1230 .
1023 1218 1028 1230 .
1059 1219 1064 1229 .
1094 1219 1098 1229 .
1129 1219 1135 1228 .
1165 1217 1170 1230 .
1201 1219 1206 1230 .
1236 1219 1240 1228 .
1270 1218 1276 1230 .
1307 1218 1312 1228 .
1342 1217 1347 1228 .
1379 1219 1383 1228 .
1414 1219 1419 1228 .
1450 1193 1456 1228 .·
1482 1177 1549 1227 bV

405 1269 447 1322 Aa
466 1269 599 1332 hospitale
619 1283 640 1320 s.
660 1267 788 1318 Anthonli
808 1269 833 1318 in
854 1269 913 1319 vico
932 1268 1083 1318 Latinorum
1098 1305 1457 1318 ...........
1482 1267 1507 1320 tl.
1527 1265 1559 1316 iii

405 1357 569 1421 Pauperibus
589 1358 614 1408 in
634 1356 743 1421 prelatis
763 1355 941 1420 hospitalibus
962 1357 1119 1421 degentibus
1163 1395 1452 1406 .........
1481 1355 1496 1403 b
1525 1354 1557 1404 Vi

406 1445 457 1496 Pro
477 1446 614 1510 psalterio,
634 1446 870 1496 recomendacione
890 1451 916 1496 et
936 1445 1096 1510 pauperibus
1127 1483 1452 1496 ..........
1478 1443 1502 1494 n.
1523 1443 1544 1494 V

405 1533 447 1584 Ad
468 1534 611 1598 obsequias
632 1538 658 1584 et
678 1533 846 1598 peractiones
872 1534 972 1599 legavit
985 1571 1452 1585 ..............
1478 1532 1501 1580 ti.
1526 1531 1545 1582 L

408 1621 593 1674 Prehendariie
614 1623 831 1687 zagrabiensibus
851 1621 948 1672 invita
969 1623 1053 1686 ipsius
1074 1622 1190 1686 magistri
1211 1621 1292 1684 Pauli,
1315 1621 1381 1672 dati.
1413 1659 1417 1670 .
1449 1660 1453 1668 .
1480 1619 1547 1672 iix

408 1709 514 1761 Eisdem
544 1711 725 1774 prebendariis
755 1725 802 1775 pro
835 1711 926 1761 debito
959 1709 1089 1761 Dominici
1122 1710 1268 1776 Perowgtb,
1289 1724 1341 1774 quo
1368 1711 1454 1760 eidem

476 1799 605 1864 magistro
631 1799 713 1850 Paulo
741 1799 888 1864 obligabat,
907 1801 977 1864 quod
1002 1799 1102 1850 eisdem
1132 1801 1269 1865 legaverat
1294 1803 1321 1850 et
1344 1799 1450 1849 tandem

476 1891 576 1938 mutata
594 1888 731 1938 voluntate
751 1889 783 1938 ad
808 1926 1453 1939 ..................
1478 1884 1502 1935 ii.
1524 1883 1575 1936 XV

406 1974 547 2037 Limitavit,
568 1975 639 2026 dedit
658 1976 743 2026 lector
776 2013 1419 2028 ...................
1450 2002 1455 2011 -
1482 1974 1506 2024 u.
1526 1971 1571 2024 XV

405 2061 547 2114 Francisco
567 2064 742 2128 prebendario
815 2103 1458 2116 ...................
1484 2062 1508 2114 d.
1529 2061 1551 2111 V

406 2151 658 2202 Reverendissimus
679 2152 799 2203 dominus
820 2151 964 2216 episcopus
985 2152 1075 2203 babuit
1097 2191 1456 2203 ...........
1482 2150 1505 2204 ti.
1527 2147 1552 2200 le

1024 2247 1033 2250 ’
1058 2245 1172 2328 summa
1184 2247 1271 2329 e'x'irus
1291 2245 1390 2328 ra'c‘rt‘s
1403 2245 1458 2325 ζ’.
1477 2242 1664 2326 'offin—

1244 2381 1354 2434 Restant
1379 2423 1385 2434 .
1413 2422 1418 2433 .
1448 2423 1453 2432 .
1478 2381 1503 2433 ti.
1518 2379 1578 2432 lille
1595 2380 1671 2432 iiiiVi

512 2594 568 2658 Ego
594 2592 716 2645 Andreas
740 2595 939 2645 archidiaconus
961 2597 993 2646 de
1013 2595 1122 2646 Kemleb
1142 2611 1172 2647 ac
1192 2596 1334 2648 canonicus
1354 2596 1470 2646 ecclesie
1490 2593 1670 2660 zagrabiensis

407 2684 431 2734 in
453 2684 593 2747 presencia
612 2683 864 2746 prenominatorum,
890 2684 1105 2734 reverendissimi
1126 2685 1225 2735 domini
1245 2685 1367 2748 episcopi
1387 2689 1439 2736 etc.
1458 2697 1487 2733 ac
1507 2681 1671 2733 dominorum

407 2773 543 2835 utriusque
562 2771 670 2834 capituli
691 2775 717 2820 et
737 2771 847 2821 aliorum
867 2772 1011 2822 astancium
1032 2773 1160 2822 calculari
1181 2777 1206 2822 et
1221 2773 1282 2823 ideo
1297 2771 1405 2836 propria
1419 2785 1495 2820 manu
1510 2770 1671 2835 consignavi.

513 2875 569 2940 Ego
589 2875 714 2926 Nicolaus
742 2875 912 2940 owycensis
933 2875 1034 2928 racioni
1053 2879 1174 2941 superius
1195 2879 1256 2928 date
1276 2891 1387 2942 presens
1406 2877 1520 2940 interlui,
1541 2876 1603 2927 ideo
1623 2876 1671 2926 biis

408 2979 485 3014 manu
505 2977 563 3013 mea
582 2963 691 3028 propria
710 2964 863 3028 subscripsi.

513 3068 569 3134 Ego
587 3069 720 3135 Jobannes
741 3068 924 3122 Kamarcensis
945 3072 1067 3122 similiter
1087 3073 1202 3125 interlui.

512 3175 569 3240 Ego
586 3175 719 3240 Jobannes
741 3174 915 3238 Goryczensis
935 3177 1057 3228 similiter
1073 3176 1193 3244 interlui,
1215 3192 1290 3228 manu
1311 3177 1420 3242 propria
1439 3179 1596 3243 subscripsi.

513 3280 569 3345 Ego
589 3279 710 3330 Andreas
731 3280 811 3330 Bexin
831 3281 954 3332 similiter
974 3283 1088 3344 interfui,
1109 3297 1185 3334 manu
1205 3285 1323 3348 propria.

513 3384 569 3449 Ego
589 3383 739 3436 Anthonius
760 3386 882 3437 similiter
902 3387 1016 3452 interlui,
1037 3403 1113 3439 manu
1132 3390 1248 3453 propria.

513 3489 544 3540 Et
564 3505 615 3554 ego
644 3491 776 3555 Georgius
802 3493 834 3541 de
861 3491 1018 3556 Prasnyclra,
1039 3499 1114 3545 natus
1140 3495 1276 3559 Stephani,
1297 3497 1438 3548 canonicus
1465 3498 1581 3548 ecclesie
1600 3499 1673 3548 ciras·

407 3579 512 3644 mensis,
545 3580 677 3642 presbiter
704 3581 844 3642 dyoecesis
876 3583 1069 3647 zagrabiensis,
1101 3597 1178 3633 sacra
1206 3583 1335 3648 imperiali
1364 3586 1526 3636 auctoritate
1556 3585 1673 3636 notarius

407 3667 527 3728 publicus
547 3667 573 3715 in
593 3665 643 3716 hiis
663 3666 795 3730 omnibus,
810 3681 860 3731 que
880 3670 1061 3733 suprascripta
1075 3677 1142 3732 sunt,
1157 3673 1216 3721 dum
1237 3673 1284 3733 sic,
1298 3677 1325 3722 ut
1341 3673 1510 3737 premittitur,
1524 3679 1674 3738 agerentur,

407 3768 517 3817 presens
536 3753 651 3818 intertui,
665 3755 761 3818 agique
780 3754 832 3806 vidi
853 3761 879 3805 et
899 3757 995 3820 audivi,
1010 3759 1042 3807 de
1062 3760 1158 3822 quibus
1178 3759 1254 3810 fidem
1275 3767 1373 3811 certam
1388 3761 1457 3812 iacio
1470 3761 1674 3812 oificiotbabei·

407 3842 524 3892 lionatus
545 3843 594 3892 mei
615 3843 773 3905 requirente.

513 3946 544 3997 Et
573 3961 624 4011 ego
654 3947 773 3998 blatbeus
794 3947 916 4012 Gregorii
937 3951 969 3998 de
988 3949 1217 4015 Zentligerqwara,
1238 3955 1379 4016 presbiter,
1397 3953 1540 4006 canonicus
1561 3955 1673 4005 ecclesie

407 4035 597 4097 zagrabiensis,
618 4035 735 4084 eiusdem
763 4037 912 4102 dyoecesis‚
939 4051 1015 4088 sacra
1035 4038 1164 4102 imperiali
1185 4041 1346 4092 auctoritate
1367 4045 1486 4093 notarius
1507 4043 1630 4106 publicus
1649 4043 1672 4092 in

407 4121 491 4171 literis
512 4123 633 4172 omnibus
655 4129 681 4172 et
701 4123 815 4187 registro
836 4125 962 4188 presenti,
984 4140 1033 4189 que
1054 4129 1235 4191 superscripta
1255 4137 1323 4195 sunt,
1338 4131 1397 4181 dum
1411 4131 1499 4196 sic,nt
1512 4131 1674 4195 premittitur

409 4208 499 4258 tierent
520 4216 545 4259 et
562 4216 704 4270 agerentur
723 4225 832 4274 presens
852 4212 966 4276 interlui,
984 4228 1068 4277 eaque
1088 4215 1141 4265 vidi
1162 4222 1188 4266 et
1205 4217 1302 4282 andivi,
1316 4220 1348 4268 de
1368 4220 1463 4283 quibus
1483 4219 1560 4270 fidem
1576 4225 1673 4270 certam

410 4295 486 4359 iacio,
506 4295 595 4346 oiticio
616 4297 667 4348 mei
686 4299 883 4349 thabelionatus
904 4299 1054 4364 requirente

1252 4428 1402 4479 Concordat
1421 4443 1469 4493 per
1485 4431 1574 4480 omnia
1588 4431 1672 4494 (cnm)

1286 4517 1409 4581 originali
1427 4518 1578 4583 johannes.
1631 4557 1637 4568 .
1659 4557 1665 4568 .

1287 4606 1320 4654 de
1340 4604 1434 4668 Pades,
1454 4606 1609 4670 (notarius).

517 4817 628 4870 Rubrum
653 4825 805 4886 capitulare.
826 4826 851 4876 in
872 4828 968 4880 arcbiv,
989 4828 1048 4880 incl.
1069 4829 1167 4882 Accad.
1189 4829 1287 4884 Scient.
1310 4831 1414 4885 Slavor.
1434 4834 1526 4885 merid.
1548 4834 1576 4886 ii.
1598 4849 1618 4885 c.
1632 4838 1672 4887 49.
