3808 5792
831 537 904 598 Doc.
926 533 997 614 176.
1022 570 1065 580 —-
1088 537 1146 600 An.
1170 547 1260 613 1523.

413 763 629 844 zagrabiensis
652 762 805 844 predicte,
830 759 998 824 dominum
1031 773 1062 824 et
1085 762 1244 844 prelatum
1276 775 1432 842 nostrum,
1465 782 1500 824 ac
1531 763 1678 825 similiter

413 868 589 931 nonnullos
614 867 787 930 familiares
810 888 846 929 ac
876 869 1045 930 servitores
1076 880 1107 929 et
1138 867 1327 950 jobagiones
1357 868 1432 930 dicti
1464 869 1676 951 episcopatus,

413 996 469 1058 per
492 994 757 1055 consequensque
787 973 932 1037 eiusdem
964 973 1087 1035 domini
1120 973 1262 1035 Simonis
1295 973 1436 1056 episcopi
1468 975 1609 1056 partibus
1639 995 1677 1035 ex

412 1082 473 1143 alia
498 1082 625 1143 racione
650 1095 681 1141 et
704 1091 849 1162 pretextu
873 1091 1033 1141 certorum
1064 1093 1194 1142 actuum
1226 1081 1499 1162 potenciariorum
1533 1102 1551 1142 a
1584 1082 1676 1142 certis

413 1187 505 1249 annis
538 1187 621 1248 ultro
654 1186 797 1267 citroque
833 1199 1008 1268 utcumque
1043 1186 1301 1266 commissorum,
1336 1187 1423 1248 varie
1458 1187 1538 1267 lites,
1573 1207 1676 1266 cause,

413 1293 594 1354 differencie
619 1312 655 1352 ac
679 1293 966 1354 controversiarum
991 1292 1122 1353 materie
1155 1305 1241 1354 mote
1266 1307 1297 1354 et
1334 1292 1482 1354 suscitate
1506 1307 1601 1374 atque
1624 1313 1676 1354 ex·

412 1414 480 1461 orte
505 1398 642 1474 luerint;
665 1412 772 1459 tamen
797 1418 856 1459 nos
880 1397 1024 1459 volentes
1053 1399 1210 1480 expensis,
1233 1398 1415 1480 fatigiisque
1449 1414 1479 1460 et
1504 1399 1676 1477 laboribus,

412 1526 474 1587 que
501 1506 533 1566 in
559 1505 844 1587 prosecutionibus
880 1504 1054 1564 earundem
1079 1524 1246 1566 causarum
1276 1503 1344 1566 fieri
1381 1519 1511 1587 possent
1539 1525 1677 1586 parcere,

412 1611 539 1673 easdem
564 1631 684 1689 causas,
709 1611 780 1672 lites
804 1623 835 1671 et
858 1610 1145 1672 controversiarum
1182 1611 1331 1672 materias
1363 1609 1481 1672 factum
1514 1611 1676 1673 dumtaxat

412 1733 541 1780 actuum
572 1717 842 1799 potenciariorum
872 1729 1040 1797 tangentes
1070 1729 1101 1777 et
1136 1730 1365 1778 concernentes
1399 1716 1564 1798 hucusque
1596 1718 1677 1779 inter

411 1844 470 1885 nos
494 1837 525 1885 et
549 1823 589 1885 ad
614 1843 672 1885 nos
696 1837 727 1884 et
750 1822 897 1884 eclesiam
923 1837 1064 1884 nostram
1097 1823 1292 1904 pertinentes
1316 1837 1346 1883 et
1370 1836 1549 1904 spectantes
1573 1824 1675 1904 quali-

411 1944 599 2011 tercumque
628 1943 658 1991 et
687 1928 994 2010 quomodocumque
1031 1948 1067 1989 ac
1098 1929 1296 2010 ubicumque
1331 1929 1477 1990 subortas
1512 1943 1543 1990 et
1564 1943 1676 2008 motas,

411 2036 548 2117 demptis
572 2037 675 2097 causis
699 2035 986 2118 prebendariorum
1019 2023 1170 2096 ecclesiae
1195 2048 1362 2117 prenotate
1394 2053 1431 2097 ac
1454 2036 1526 2098 aliis
1557 2034 1675 2096 lactum

402 2142 610 2223 ,proprietatis
653 2155 684 2203 et
716 2139 935 2223 perpetuitatis
973 2140 1188 2220 tangentibus,
1227 2140 1391 2219 revisioni,
1429 2141 1610 2222 cognicioni
1646 2155 1676 2202 et

412 2247 660 2325 adiudicacioni,
688 2246 839 2326 hnalique
857 2246 1057 2307 conclusioni
1082 2246 1201 2327 egregii
1227 2247 1369 2328 magistri
1407 2247 1559 2329 Stephani
1588 2247 1674 2307 Hen-

411 2352 523 2435 czelffy
547 2353 586 2413 de
611 2353 784 2430 Petrowcz‚
808 2351 923 2433 judicis
946 2351 1032 2412 curie
1056 2351 1143 2432 regie
1167 2372 1203 2412 ac
1235 2351 1324 2433 regni
1350 2352 1522 2415 Sclauonie
1545 2352 1676 2435 protho-

411 2459 525 2519 notarii
562 2478 619 2519 uec
643 2477 708 2518 non
732 2471 891 2518 certorum
916 2456 1059 2523 iudicum
1084 2458 1245 2520 nobilium
1279 2478 1315 2519 ac
1346 2457 1523 2539 juratorum
1556 2478 1675 2520 asseso-

410 2584 481 2626 rum
505 2565 673 2626 comitatus
689 2563 901 2644 zagrabiensis
918 2583 974 2645 per
990 2562 1129 2624 eundem
1145 2564 1333 2646 magistrum
1358 2564 1556 2646 Stephanum
1577 2584 1676 2647 penes

410 2690 443 2731 se
468 2670 690 2750 eligendorum
716 2668 865 2730 duximus
889 2669 1132 2748 submittendas,
1147 2670 1248 2731 immo
1273 2670 1480 2732 submisimus
1503 2690 1541 2732 eo
1565 2671 1675 2749 modu,

410 2789 444 2836 ut
467 2774 725 2865 quitquididem
751 2775 901 2855 magister
929 2775 1110 2856 Stephanus
1141 2775 1330 2858 Henczelffy
1353 2776 1614 2858 prothonotarius
1645 2791 1677 2837 et

409 2882 464 2943 alii
489 2881 654 2963 prescripti
679 2880 756 2942 leria
781 2894 868 2942 sexta
892 2894 964 2962 post
988 2879 1104 2943 festum
1134 2881 1388 2964 Epiphaniarum
1421 2882 1556 2960 domini,
1590 2902 1675 2943 nunc

409 3001 579 3048 venturum
603 2999 633 3048 et
655 2987 726 3047 aliis
750 2986 863 3047 diebus
887 2986 927 3047 ad
950 2986 983 3047 id
1008 2988 1089 3069 aptis
1105 3001 1137 3048 et
1152 2985 1385 3049 sufficientibus
1399 2987 1451 3049 hic
1469 2989 1624 3069 Zagrabie
1643 2989 1674 3049 in

409 3093 522 3170 causis,
535 3093 655 3170 litibus,
670 3091 871 3171 differentiis,
885 3093 1174 3174 controversiarum
1187 3095 1327 3155 materiis
1339 3093 1541 3175 pretitulatis,
1555 3092 1673 3156 factum

409 3212 443 3260 ut
467 3198 633 3280 prefertur,
658 3212 787 3259 actuum
811 3198 1083 3279 potenciariorum
1106 3200 1322 3280 tangentibus,
1339 3201 1480 3281 exceptis
1496 3199 1589 3261 dictis
1605 3220 1675 3282 pre-

411 3305 572 3366 bendariis
610 3317 640 3366 et
664 3305 735 3365 aliis
758 3303 904 3385 superius
929 3303 1087 3366 denotatis
1112 3304 1253 3382 feceriut,
1278 3303 1542 3386 adjudicaverint,
1562 3305 1675 3386 judici-

408 3409 562 3490 aliterque
577 3410 823 3471 deliberaverint
835 3429 871 3471 ac
888 3407 1026 3471 finaliter
1040 3411 1264 3488 concluserint,
1281 3410 1313 3471 id
1330 3424 1427 3492 atque
1441 3432 1477 3473 ea
1496 3412 1605 3474 omnia
1617 3432 1674 3494 pro

408 3529 487 3592 ratu,
511 3529 613 3594 grato,
638 3514 730 3576 firmo
753 3529 848 3596 atque
866 3515 1097 3578 iuviolabiliter
1113 3518 1282 3578 observare
1307 3518 1526 3598 promisimus,
1543 3519 1674 3600 promit-

407 3621 570 3701 timusque
595 3620 707 3682 harum
733 3635 912 3683 nostrarum
936 3622 1047 3702 vigore
1074 3635 1105 3683 et
1127 3622 1313 3684 testimonio
1348 3623 1524 3684 literarum.
1556 3624 1675 3685 Datum

410 3725 486 3787 feria
511 3727 650 3788 secunda
675 3727 706 3788 in
730 3727 838 3807 vigilia
864 3727 1117 3809 Epiphaniarum
1144 3728 1278 3790 domini.
1303 3731 1399 3790 Anno
1422 3728 1547 3790 domini
1571 3729 1674 3791 mille-

409 3832 491 3892 simo
516 3832 774 3913 quingentesimo
798 3833 955 3913 vigesimo
979 3833 1089 3895 tercio,

513 3943 648 4009 Originale
663 3946 688 3995 iu
702 3947 799 3996 charta.
810 3946 837 3996 lu
853 3947 950 3996 archiv.
961 3961 1010 3996 veu
1032 3947 1118 4012 Capit.
1132 3949 1239 4012 zagrab.
1254 3948 1311 4000 Act.
1323 3948 1386 4012 Cap.
1399 3952 1452 3999 ant.
1467 3948 1532 4000 fasc.
1544 3949 1586 3999 67.
1598 3963 1636 3999 nr.
1650 3951 1673 4000 9.

1001 4229 1082 4296 176.

511 4349 584 4398 huno
607 4349 682 4398 1523.
705 4351 727 4399 l.
747 4349 881 4400 februarii.
902 4349 1059 4414 Zagrahiae.

413 4453 517 4510 Coram
547 4459 720 4528 rrrngistralu
754 4460 879 4516 civitatis
917 4459 1060 4532 Georgius
1084 4459 1242 4518 Sooiuovid
1266 4469 1418 4534 permutat
1445 4463 1559 4521 domum
1593 4483 1676 4521 sunm

487 4561 648 4618 incohatam
666 4583 739 4636 agro
762 4564 892 4622 Emerici
912 4567 1029 4635 literali,
1053 4567 1107 4640 qui
1126 4567 1204 4623 ultro
1219 4579 1266 4643 35
1282 4567 1352 4642 flor.
1377 4573 1594 4629 annumeravit.

514 4671 580 4731 Nos
605 4673 752 4752 hlichael,
776 4675 861 4737 filius
894 4677 1025 4756 Mathai,
1061 4677 1169 4759 iudex,
1203 4679 1351 4759 Michael,
1389 4679 1562 4762 Georgius,
1597 4683 1675 4744 alter

411 4770 579 4853 Georgius,
604 4779 769 4860 Martinus,
795 4781 941 4861 Mathias,
966 4783 1129 4862 Nicolaus,
1156 4783 1316 4865 Georgius
1349 4801 1381 4848 et
1403 4787 1484 4848 alter
1515 4786 1673 4868 Georgius

409 4874 512 4954 jurati,
537 4884 707 4944 consiliarii
733 4899 764 4946 et
788 4887 926 4949 universi
963 4889 1047 4950 cives
1080 4889 1216 4952 civitatis
1243 4892 1363 4953 montis
1393 4890 1576 4955 Grecensis.
1608 4893 1673 4953 Me·

409 4980 510 5041 morie
534 4988 797 5050 commendamus
820 5005 931 5054 tenore
947 4995 1149 5075 presencium
1167 4995 1392 5077 significantes,
1409 4999 1529 5079 quibus
1546 4997 1673 5080 expedit
