3752 5806
642 529 716 592 Dec.
732 545 784 608 53.
801 567 844 576 —
861 535 918 592 Aa.
937 531 1024 608 1506.
1421 559 1458 618 55

185 759 421 820 committimus
454 773 485 822 et
516 760 716 838 mandamus,
741 773 900 841 quatenus
923 761 1042 824 amodo
1068 763 1220 846 deinceps
1243 765 1382 846 prelatos
1406 767 1459 828 tri-

184 865 394 926 cesimatores
415 879 541 928 nostros
558 879 667 928 contra
685 865 848 946 quoslibet
865 867 1063 948 impetitores
1081 883 1112 930 et
1128 870 1291 951 signanter
1307 872 1460 936 adversus

184 970 349 1052 prelatum
386 973 530 1034 Marcum
567 974 698 1050 bannm,
728 971 940 1054 hominesque
978 987 1008 1035 et
1044 973 1216 1037 familiares
1249 997 1333 1057 suos,
1367 980 1459 1057 tueri,

187 1091 356 1159 protegere
383 1091 414 1139 et
438 1078 612 1138 deffensare
638 1077 781 1139 debeatis
805 1079 993 1140 auctoritate
1017 1095 1124 1142 nostra
1150 1083 1236 1162 regia
1259 1085 1460 1164 presentibus

189 1184 282 1245 vobis
308 1184 340 1244 in
363 1184 421 1245 hac
438 1197 526 1266 parte
543 1184 695 1245 attributa
711 1183 883 1246 mediante.
903 1183 1001 1246 Secus
1017 1205 1082 1246 non
1101 1185 1224 1249 lacturi.
1243 1189 1283 1250 Et
1299 1205 1460 1270 presentes

189 1290 365 1371 superinde
389 1309 447 1370 pro
472 1290 704 1372 ex(secu)cione
730 1303 831 1350 vestra
857 1292 1032 1354 reservetis.
1062 1291 1181 1354 Datum
1205 1294 1294 1355 Bude
1324 1295 1356 1356 ln
1381 1295 1460 1358 festo

189 1396 278 1456 beate
306 1396 474 1457 Elizabeth
500 1396 607 1457 vidue.
631 1401 727 1458 Anno
750 1395 874 1458 domini
892 1397 1065 1459 millesimo
1083 1399 1343 1480 quingentesimo
1360 1415 1459 1465 sexto.

293 1517 329 1582 (Α
349 1519 449 1582 tergo).
477 1502 692 1563 Prudentibus
724 1515 755 1564 et
787 1502 1024 1584 circumspectis
1055 1503 1152 1584 judici
1178 1517 1209 1566 et
1232 1505 1352 1585 iuratis,
1377 1521 1458 1570 cete·

191 1605 294 1686 risque
330 1607 453 1668 civibus
485 1621 515 1669 et
542 1608 600 1668 toti
625 1607 848 1669 communitati
873 1608 1009 1670 civitatis
1032 1623 1139 1670 nostre
1165 1611 1458 1692 Montisgrecensis,

189 1709 342 1774 fidelibus
369 1714 463 1774 nobis
486 1713 620 1776 dilectis.

296 1834 434 1900 Originale
460 1833 486 1887 in
510 1837 605 1888 charta.
627 1837 646 1886 Α
672 1841 748 1900 tergo
776 1837 933 1901 impressum
954 1842 995 1888 est
1015 1835 1129 1902 sigillum
1151 1838 1242 1890 maias,
1263 1837 1289 1888 ln
1310 1840 1378 1891 arch.
1400 1841 1458 1894 lnol.

185 1923 280 1975 hccad.
303 1921 403 1974 Scient.
424 1922 525 1976 Slavor.
545 1923 637 1976 merid.
717 1961 723 1972 ,

795 2155 854 2218 53.

295 2311 369 2362 Anno
393 2313 467 2374 1506,
487 2313 527 2362 27.
548 2312 708 2364 novembris.
729 2309 885 2376 Zagrabiae.

186 2440 332 2512 Andreas,
365 2459 387 2498 s.
411 2439 568 2512 theologiae
599 2441 703 2510 edoctor,
729 2441 914 2514 aaariusqae
940 2442 1069 2498 ecclesiae
1091 2443 1297 2514 zagrabiensis,
1317 2443 1460 2516 praecipit

187 2547 318 2602 omnibus
335 2542 476 2618 parochis
498 2546 743 2624 sagrahieasibus,
765 2554 798 2602 ut
819 2547 893 2602 cives
915 2547 1053 2620 quosdam
1069 2549 1098 2603 in
1122 2547 1291 2625 Opotovma
1306 2547 1457 2622 adlegatu

507 2653 730 2726 praebendariis
754 2653 938 2725 expendendo
960 2653 1140 2714 admoneant.

295 2792 440 2852 Andreas
463 2793 578 2853 artium
604 2806 634 2853 et
658 2791 860 2852 decretorum
885 2790 1008 2870 doctor,
1025 2811 1083 2853 nec
1106 2811 1171 2855 non
1189 2811 1278 2854 sacre
1294 2793 1457 2874 theologie

187 2896 363 2978 professor,
388 2899 568 2980 prepositus
602 2897 806 2976 chasmensis,
832 2897 1070 2978 canonicusque
1103 2912 1133 2960 et
1165 2899 1301 2960 vicarius
1325 2899 1457 2960 ecclesie

187 3004 405 3084 zagrabiensis
438 3005 469 3065 in
498 3005 727 3086 spiritualibus,
753 3023 985 3085 causarumque
1010 3004 1138 3066 auditor
1161 3005 1331 3085 generalis.
1356 3005 1456 3066 Vobis

188 3107 333 3170 discretis
350 3109 504 3173 dominis:
524 3111 620 3188 Luce,
634 3111 773 3192 plebano
792 3109 830 3170 de
847 3110 919 3171 vico
936 3123 1092 3188 sutorum,
1110 3125 1140 3172 et
1155 3111 1273 3188 Blasi0,
1290 3110 1457 3192 capellano

188 3215 322 3277 ecclesie
347 3217 527 3278 alimerici
552 3216 642 3277 ducis
668 3217 700 3276 in
724 3235 796 3276 area
821 3215 987 3296 capitulari
1013 3217 1224 3296 zagrabiensi,
1242 3217 1356 3277 harum
1378 3216 1457 3276 serie

188 3323 247 3382 sub
282 3321 389 3382 debita
422 3322 610 3384 obediencia
644 3334 674 3383 et
707 3322 765 3382 sub
799 3322 1145 3383 excommunicacionis
1177 3342 1259 3403 pena
1285 3321 1316 3382 in
1342 3322 1457 3383 virtute

187 3441 294 3488 sancte
324 3427 512 3488 obediencie
537 3427 768 3488 committimus
793 3427 984 3505 firmissime,
1009 3433 1166 3508 quatenus
1190 3427 1307 3489 habitis
1331 3447 1457 3509 presen-

187 3534 274 3594 tibus
298 3533 451 3614 providos
483 3534 634 3614 magistro
660 3533 858 3614 Stephanum
892 3545 923 3594 et
947 3532 1117 3593 Nicolaum
1144 3532 1298 3594 litteratos
1322 3531 1361 3595 de
1386 3533 1457 3593 vico

188 3640 398 3700 dominorum
431 3640 463 3700 in
489 3639 630 3700 Abbacia
656 3639 854 3720 zagrabiensi
879 3639 1089 3720 personaliter
1113 3639 1280 3718 accedatis,
1305 3640 1455 3720 ipsosque

188 3746 227 3805 ad
266 3746 456 3806 instanciam
491 3745 603 3806 decani
639 3759 669 3806 et
704 3745 991 3826 prebendariorum
1027 3744 1114 3806 chori
1148 3746 1290 3806 eiusdem
1324 3745 1456 3806 ecclesie

188 3852 405 3932 zagrabiensis
440 3851 568 3912 racione
602 3863 760 3912 certorum
792 3851 975 3912 debitorum
1009 3851 1288 3930 testamentalium,
1314 3871 1370 3933 per
1402 3869 1457 3911 eos

189 3959 275 4040 apud
311 3978 344 4018 se
380 3958 594 4036 detentorum,
618 3958 658 4018 ad
691 3971 813 4018 sextum
850 3957 947 4034 diem,
979 3977 996 4018 a
1032 3957 1083 4018 die
1112 3957 1313 4018 execucionis
1344 3971 1456 4034 vestre,

190 4064 376 4125 immediate
416 4064 645 4146 computando,
680 4077 823 4124 nostram
862 4063 1075 4145 peremptorie
1112 4063 1208 4124 citare
1245 4062 1388 4123 debeatis
1425 4063 1456 4122 in

189 4171 400 4251 presenciam,
425 4170 501 4251 ipsis
524 4171 556 4231 in
581 4169 649 4250 jure
675 4189 883 4250 responsuros
908 4183 938 4229 et
962 4169 1119 4250 justiciam
1145 4183 1346 4250 recepturos3
1375 4188 1457 4248 quos

189 4295 241 4336 sex
274 4275 344 4336 dies
376 4276 516 4359 ipsis-et
550 4275 680 4336 cuilibet
715 4294 827 4335 eorum
863 4295 921 4356 pro
957 4275 1073 4356 prime,
1100 4275 1257 4353 secund0,
1292 4275 1391 4335 tercio
1424 4287 1455 4334 et

189 4383 408 4464 peremptorio
431 4383 580 4461 termino,
605 4381 787 4442 monicione
812 4381 966 4442 canonica
991 4381 1153 4461 premissa,
1173 4381 1370 4460 assignantes
1386 4399 1456 4460 pre·

189 4487 304 4570 ligatis,
321 4501 352 4549 et
376 4487 506 4550 tandem
524 4488 638 4549 seriem
656 4487 857 4548 execucionis
874 4501 976 4547 vestre
994 4505 1066 4547 cum
1085 4487 1270 4548 nominibus
1287 4485 1453 4547 citatorum

189 4595 283 4655 nobis
308 4592 444 4654 fideliter
468 4609 498 4655 et
523 4593 759 4655 conscienciose
782 4592 971 4654 rescribatis.
989 4592 1157 4653 Presentes
1178 4593 1210 4652 in
1228 4592 1332 4673 specie
1350 4592 1456 4652 remit·

188 4713 301 4761 tentes.
326 4700 444 4761 Datum
470 4700 624 4781 Zagrabie
648 4699 726 4760 feria
748 4711 833 4759 sexta
850 4699 994 4780 proxima
1012 4712 1084 4780 post
1101 4697 1216 4760 festum
1230 4699 1321 4759 beate
1339 4697 1455 4758 Kathe·

190 4808 257 4868 tine
274 4807 409 4888 virginis
425 4819 455 4868 et
472 4807 618 4868 martiris.
637 4809 732 4866 Anno
750 4805 874 4866 domini
892 4805 1065 4866 millesimo
1082 4805 1340 4886 quingentesimo
1357 4817 1455 4864 sexto

297 4931 368 5012 Ego
394 4931 518 4992 Blasius
542 4931 726 5012 capellanus
751 4927 883 4991 ecclesie
907 4950 931 4990 s.
957 4930 1095 4990 Emerici
1120 4930 1159 4992 de
1184 4929 1324 5010 capitulo
1348 4947 1456 5007 zagra-

341 5019 442 5079 biensi
466 5033 615 5080 executus
639 5039 709 5079 sum
735 5037 863 5099 presens
887 5017 1073 5078 mandatnm
1090 5019 1126 5078 V.
1146 5018 1182 5078 E.
1200 5017 1237 5077 D.
1260 5017 1310 5077 die
1333 5016 1454 5075 sabbati

301 5121 306 5128 '
340 5107 487 5189 proximo
511 5121 583 5168 ante
608 5106 723 5168 festum
751 5108 780 5168 b.
807 5106 934 5168 Andtee
958 5106 1106 5187 apostoli.
1142 5110 1238 5165 Anno
1263 5103 1455 5186 supradicto.
