3752 5806
389 548 428 609 26
834 547 906 607 Doc.
924 557 974 622 27.
991 579 1029 589 -
1050 547 1215 622 An,1504.

389 652 778 662 ——-..-———-——--
794 653 803 658 ..
1381 652 1651 658 ——v-

386 774 552 856 recepisse,
576 773 746 854 statimque
778 773 893 834 accessi
926 773 1098 854 providum
1129 771 1265 834 Paulum
1298 771 1425 833 Kunich
1450 773 1490 835 de
1515 774 1652 835 Dosicza

386 879 605 962 personaliter,
631 880 800 962 ipsumque
832 877 872 940 ad
905 879 1093 940 instanciam
1122 878 1363 940 honorabilium
1387 891 1418 940 et
1442 879 1650 940 discretorum

385 985 592 1048 dominorum
630 985 917 1068 prebendariorum
962 985 1049 1047 chori
1089 985 1222 1047 ecclesie
1262 985 1478 1066 zagrabiensis
1522 1005 1650 1047 necnon

386 1093 597 1154 altaristarum
629 1091 764 1154 civitatis
797 1093 1076 1174 Montisgrecensis
1108 1093 1235 1154 racione
1270 1105 1429 1154 certorum
1457 1093 1651 1171 debitorum,

384 1213 447 1260 tarn
470 1199 590 1260 scilicet
605 1199 814 1280 pecuniarum
833 1219 930 1279 quam
948 1217 1130 1280 porcorum,
1143 1199 1265 1260 eisdem
1282 1199 1423 1260 dominis
1439 1218 1496 1280 per
1512 1199 1650 1260 condam

386 1305 540 1368 Mathiam
558 1304 742 1388 Brumnych
766 1304 887 1366 dictum
912 1305 952 1365 de
976 1303 1089 1366 eadem
1110 1305 1363 1386 Montegrecensi
1389 1304 1651 1366 testamentaliter

386 1413 564 1494 legatorum
584 1425 614 1473 et
637 1411 719 1474 solvi
745 1411 1001 1490 commissorum,
1018 1411 1058 1472 ad
1083 1411 1321 1492 quindecimam
1348 1411 1434 1472 diem
1459 1431 1477 1472 a
1502 1410 1553 1471 die
1576 1430 1649 1472 exe-

386 1517 527 1580 cucionis
558 1517 742 1580 immediate
774 1517 992 1599 computando
1024 1519 1151 1599 egregie
1180 1517 1459 1581 Dominiuacionis
1490 1530 1591 1577 vestre
1617 1515 1649 1576 in

384 1624 582 1706 presenciam
606 1623 700 1685 citavi
724 1643 964 1706 responsurum.
990 1625 1030 1686 Et
1052 1624 1182 1686 tandem
1204 1644 1300 1707 super
1321 1621 1506 1685 huiusmodi
1536 1641 1649 1684 execu-

385 1729 486 1790 cionis
518 1748 588 1790 mee
623 1729 785 1812 egregiam
816 1743 953 1791 vestram
977 1730 1246 1792 Dominacionem
1270 1729 1371 1791 reddo
1397 1742 1526 1808 certam,
1551 1747 1649 1810 quam

385 1834 464 1896 deus
495 1835 668 1897 altissimus
698 1855 884 1898 conservare
917 1835 1065 1917 dignetur
1100 1836 1140 1897 ad
1177 1849 1261 1899 vota.
1295 1835 1414 1898 Datum
1448 1834 1482 1896 in
1506 1833 1648 1916 Zythech

384 1939 462 2002 seria
493 1955 605 2023 quarta
635 1956 707 2023 post
738 1942 1041 2024 Ramispalmarum.
1072 1947 1169 2004 Anno
1202 1942 1327 2003 domini
1355 1939 1530 2004 millesimo
1554 1940 1648 2022 quin-

383 2047 562 2129 gentesimo
594 2063 718 2130 quarto.

753 2138 888 2220 Egregie
913 2137 1155 2200 Dominacionis
1178 2149 1290 2216 vestre,
1316 2135 1491 2218 Gregorius
1517 2135 1649 2197 humilis

846 2226 1041 2308 capellanus,
1066 2225 1223 2308 parochus
1246 2225 1279 2287 in
1303 2223 1457 2307 Zythech.

495 2365 529 2428 (A
553 2367 650 2430 tergo),
675 2349 814 2430 Egregio
837 2349 972 2412 domino
993 2351 1121 2412 Andree
1145 2350 1272 2428 artium,
1289 2349 1491 2410 decretorum
1515 2361 1546 2410 et
1562 2367 1649 2408 sacre

383 2451 545 2534 theologie
569 2453 703 2534 doctori,
728 2457 860 2536 cantori,
884 2457 1040 2519 canonico
1065 2469 1095 2518 et
1118 2455 1237 2518 vicario
1267 2455 1399 2517 ecclesie
1423 2455 1649 2536 zagrabiensis,

386 2557 520 2621 domino
544 2579 618 2622 meo
640 2563 887 2643 gratiosissimo,
911 2563 1144 2646 superiorique.

491 2681 626 2747 originale
654 2684 679 2735 in
699 2685 795 2736 charta.
814 2686 835 2736 A
854 2691 931 2752 tergo
958 2687 1099 2752 vestigium
1119 2685 1243 2750 impressi
1263 2684 1353 2750 sigilli.
1382 2681 1412 2736 ln
1432 2684 1528 2737 archiv.
1551 2685 1644 2736 honor.

382 2771 478 2837 colleg.
498 2771 642 2825 Praebeud.

984 2951 1042 3019 27.

488 3087 561 3140 huno
583 3090 657 3155 1504,
678 3090 719 3144 ll.
739 3089 839 3156 aprilis.
859 3091 1008 3156 Zagrabiae

377 3217 534 3294 Johannes
563 3219 704 3275 Corvinus
734 3218 795 3276 dux
821 3226 930 3276 statuta
961 3237 981 3274 a
1010 3219 1131 3277 Mathia
1158 3237 1224 3292 rege
1248 3219 1392 3276 sutoribus
1422 3220 1548 3276 civitatis
1576 3219 1646 3276 dala

931 3326 1097 3399 confirmat.

494 3445 560 3507 Nos
577 3447 737 3508 Johannes
757 3445 929 3526 Coruinus,
947 3445 1118 3528 Lipthouie
1142 3446 1206 3508 dux
1230 3467 1266 3509 ac
1282 3467 1455 3529 regnorum
1472 3447 1647 3526 Dalmacie,

383 3551 518 3614 Croacie
549 3565 581 3612 et
605 3551 773 3614 Sclavonie
806 3553 917 3614 banus.
946 3553 1102 3614 Memorie
1136 3553 1401 3616 commendamus
1434 3569 1545 3614 tenore
1578 3573 1646 3634 pre-

382 3657 525 3718 sencium
549 3657 763 3738 significantes
786 3659 904 3739 quibus
929 3659 1056 3740 expedit
1088 3660 1255 3740 universis,
1279 3660 1368 3741 quod
1392 3659 1523 3720 veniens
1547 3658 1645 3719 nostri

362 3764 415 3824 .in
439 3764 675 3846 presenciarum
699 3764 849 3845 magister
874 3763 1043 3826 czeharum
1067 3785 1123 3826 seu
1147 3766 1287 3828 decanus
1309 3767 1342 3827 in
1358 3765 1503 3848 personis
1520 3765 1645 3826 univer·

382 3889 490 3931 sorum
515 3870 740 3951 magistrorum
763 3883 920 3932 suttorum
948 3871 981 3932 in
998 3872 1123 3933 civitate
1140 3885 1247 3934 nostra
1265 3871 1544 3953 Montisgrecensis
1560 3891 1645 3932 com-

382 3976 593 4054 morantium,
618 3975 762 4037 exhibuit
778 3991 809 4036 et
824 3979 1017 4059 presentavit
1035 3979 1128 4040 nobis
1145 3979 1301 4060 quasdam
1317 3979 1437 4040 litteras
1453 3977 1644 4038 serenissimi

382 4081 534 4162 principis
558 4081 682 4142 domini
706 4080 825 4142 Mathis
850 4081 901 4142 dei
924 4084 1029 4164 gracia
1047 4084 1224 4166 Hungarie,
1238 4083 1458 4166 Bohemieque
1476 4099 1535 4146 etc.
1552 4086 1644 4166 regis,

382 4186 434 4266 pie
458 4186 623 4264 memorie,
636 4186 789 4267 genitoris
814 4189 913 4249 nostri
937 4189 1101 4269 carissimi,
1119 4191 1150 4250 in
1174 4209 1370 4271 pergameno
1388 4191 1447 4251 sub
1464 4210 1522 4252 suo
1540 4191 1644 4272 sigillo

383 4304 526 4372 patenter
549 4291 709 4354 confectas
733 4305 764 4354 et
787 4307 959 4373 emanatas,
976 4295 1159 4377 supplicans
1182 4295 1276 4356 nobis
1292 4295 1456 4357 humiliter
1474 4309 1505 4357 et
1521 4296 1644 4375 devote,

383 4411 417 4457 ut
442 4397 568 4458 easdem
594 4411 686 4477 ratas,
709 4412 814 4479 gratas
838 4412 869 4461 et
892 4415 1019 4482 accepta
1047 4401 1248 4480 haberemus,
1273 4401 1387 4464 litteris
1411 4403 1527 4464 nostris
1550 4401 1643 4484 privi-

383 4502 551 4582 legialibus
587 4503 625 4563 de
661 4506 759 4566 verbo
793 4505 833 4565 ad
863 4507 996 4567 verbum
1033 4507 1101 4569 sine
1133 4506 1376 4569 diminuncione
1409 4523 1439 4570 et
1471 4523 1643 4590 augmento

384 4607 515 4688 aliquali
540 4609 660 4669 eisdem
685 4623 840 4692 perpetuo
864 4611 1015 4673 valituras
1039 4611 1226 4674 confirmare
1250 4613 1466 4694 dignaremur.
1499 4615 1643 4688 Quarum

383 4727 475 4774 tenor
498 4715 569 4774 talis
593 4728 656 4777 est:
681 4715 765 4796 (vide
790 4717 853 4779 vol.
878 4717 913 4779 ll.
939 4717 1009 4780 doc.
1035 4739 1107 4798 251.
1126 4737 1200 4780 ann.
1223 4721 1314 4798 1466.
1334 4739 1383 4802 23.
1401 4719 1561 4802 Augusti).
1579 4721 1642 4782 Nos

384 4819 480 4899 igitur
515 4820 808 4901 supplicacionibus
841 4825 1009 4886 memorati
1045 4825 1187 4906 magistri
1227 4825 1397 4887 czeharum
1433 4841 1487 4888 aut
1522 4825 1640 4902 decani,

384 4925 607 5004 societatisque
631 4929 855 5008 magistrorum
887 4944 1045 4992 suttorum
1070 4931 1224 5011 inclinati,
1243 4931 1401 5014 predictas
1425 4933 1546 4993 litteras
1569 4929 1637 4991 dicti

384 5029 521 5090 condam
544 5029 667 5092 domini
699 5035 852 5115 genitoris
876 5038 985 5114 nostri,
1010 5056 1075 5097 non
1109 5039 1247 5116 abrasas,
1271 5057 1337 5099 non
1361 5037 1561 5117 cancellatas,
1584 5053 1636 5096 nec
