<?xml version="1.0" encoding="UTF-8"?>
<!DOCTYPE html PUBLIC "-//W3C//DTD XHTML 1.0 Transitional//EN"
    "http://www.w3.org/TR/xhtml1/DTD/xhtml1-transitional.dtd">
<html xmlns="http://www.w3.org/1999/xhtml" xml:lang="en" lang="en">
 <head>
  <title>
</title>
<meta http-equiv="Content-Type" content="text/html;charset=utf-8" />
  <meta name='ocr-system' content='tesseract 3.04.00' />
  <meta name='ocr-capabilities' content='ocr_page ocr_carea ocr_par ocr_line ocrx_word'/>
</head>
<body>
  <div class='ocr_page' id='page_1' title='image "./monumentahistor16laszgoog_0263.png"; bbox 0 0 3732 5802; ppageno 0'>
   <div class='ocr_carea' id='block_1_1' title="bbox 621 570 1465 658">
    <p class='ocr_par' dir='ltr' id='par_1_1' title="bbox 621 570 1465 658">
     <span class='ocr_line' id='line_1_1' title="bbox 621 570 1465 658; baseline 0.005 -26"><span class='ocrx_word' id='word_1_1' title='bbox 621 575 695 633; x_wconf 74' lang='lat' dir='ltr'>Dec.</span> <span class='ocrx_word' id='word_1_2' title='bbox 720 570 791 637; x_wconf 79' lang='lat'>108.</span> <span class='ocrx_word' id='word_1_3' title='bbox 816 607 855 618; x_wconf 93' lang='lat'>-</span> <span class='ocrx_word' id='word_1_4' title='bbox 882 575 937 632; x_wconf 82' lang='lat' dir='ltr'>An.</span> <span class='ocrx_word' id='word_1_5' title='bbox 961 586 1049 652; x_wconf 75' lang='lat'><em>1514.</em></span> <span class='ocrx_word' id='word_1_6' title='bbox 1407 595 1465 658; x_wconf 88' lang='lat'>¹27</span> 
     </span>
    </p>
   </div>
   <div class='ocr_carea' id='block_1_2' title="bbox 202 679 1466 689">
    <p class='ocr_par' dir='ltr' id='par_1_2' title="bbox 202 679 1466 689">
     <span class='ocr_line' id='line_1_2' title="bbox 202 679 1466 689; baseline -0.002 -4"><span class='ocrx_word' id='word_1_7' title='bbox 202 679 665 686; x_wconf 79' lang='lat'>——.-—-——-————.-—</span> <span class='ocrx_word' id='word_1_8' title='bbox 687 679 751 686; x_wconf 80' lang='lat'>--</span> <span class='ocrx_word' id='word_1_9' title='bbox 762 679 1010 686; x_wconf 60' lang='lat'>-..—.—--—.</span> <span class='ocrx_word' id='word_1_10' title='bbox 1052 680 1466 689; x_wconf 59' lang='lat'>-.——.—„———</span> 
     </span>
    </p>
   </div>
   <div class='ocr_carea' id='block_1_3' title="bbox 199 798 1485 5237">
    <p class='ocr_par' dir='ltr' id='par_1_3' title="bbox 199 798 1485 5237">
     <span class='ocr_line' id='line_1_3' title="bbox 199 798 1467 882; baseline 0.005 -23"><span class='ocrx_word' id='word_1_11' title='bbox 199 799 306 878; x_wconf 90' lang='lat' dir='ltr'>messi,</span> <span class='ocrx_word' id='word_1_12' title='bbox 330 819 367 861; x_wconf 89' lang='lat' dir='ltr'>ac</span> <span class='ocrx_word' id='word_1_13' title='bbox 390 811 518 860; x_wconf 93' lang='lat' dir='ltr'>centum</span> <span class='ocrx_word' id='word_1_14' title='bbox 542 799 682 882; x_wconf 90' lang='lat' dir='ltr'>plaustra</span> <span class='ocrx_word' id='word_1_15' title='bbox 703 798 767 862; x_wconf 92' lang='lat' dir='ltr'>feni</span> <span class='ocrx_word' id='word_1_16' title='bbox 789 799 895 863; x_wconf 83' lang='lat' dir='ltr'>falcati</span> <span class='ocrx_word' id='word_1_17' title='bbox 912 813 943 863; x_wconf 91' lang='lat' dir='ltr'>et</span> <span class='ocrx_word' id='word_1_18' title='bbox 959 801 992 863; x_wconf 94' lang='lat' dir='ltr'>in</span> <span class='ocrx_word' id='word_1_19' title='bbox 1009 821 1111 864; x_wconf 92' lang='lat' dir='ltr'>unum</span> <span class='ocrx_word' id='word_1_20' title='bbox 1130 801 1283 864; x_wconf 88' lang='lat' dir='ltr'>cumulati</span> <span class='ocrx_word' id='word_1_21' title='bbox 1300 804 1340 866; x_wconf 88' lang='lat' dir='ltr'>ad</span> <span class='ocrx_word' id='word_1_22' title='bbox 1358 824 1467 867; x_wconf 92' lang='lat' dir='ltr'>currus</span> 
     </span>
     <span class='ocr_line' id='line_1_4' title="bbox 200 905 1467 991; baseline 0.005 -25"><span class='ocrx_word' id='word_1_23' title='bbox 200 905 300 967; x_wconf 87' lang='lat' dir='ltr'>levari</span> <span class='ocrx_word' id='word_1_24' title='bbox 325 919 356 968; x_wconf 88' lang='lat' dir='ltr'>et</span> <span class='ocrx_word' id='word_1_25' title='bbox 379 905 496 969; x_wconf 91' lang='lat' dir='ltr'>abinde</span> <span class='ocrx_word' id='word_1_26' title='bbox 530 905 650 968; x_wconf 84' lang='lat' dir='ltr'>iteratis</span> <span class='ocrx_word' id='word_1_27' title='bbox 675 906 799 968; x_wconf 92' lang='lat' dir='ltr'>vicibus</span> <span class='ocrx_word' id='word_1_28' title='bbox 822 908 1044 989; x_wconf 87' lang='lat' dir='ltr'>potencialiter</span> <span class='ocrx_word' id='word_1_29' title='bbox 1067 908 1182 970; x_wconf 91' lang='lat' dir='ltr'>abduci</span> <span class='ocrx_word' id='word_1_30' title='bbox 1207 929 1243 970; x_wconf 90' lang='lat' dir='ltr'>ac</span> <span class='ocrx_word' id='word_1_31' title='bbox 1266 929 1331 991; x_wconf 92' lang='lat' dir='ltr'>quo</span> <span class='ocrx_word' id='word_1_32' title='bbox 1355 929 1467 972; x_wconf 88' lang='lat' dir='ltr'>eorurn</span> 
     </span>
     <span class='ocr_line' id='line_1_5' title="bbox 201 1012 1468 1095; baseline 0.002 -21"><span class='ocrx_word' id='word_1_33' title='bbox 201 1013 372 1094; x_wconf 76' lang='lat' dir='ltr'><strong>placuisset</strong></span> <span class='ocrx_word' id='word_1_34' title='bbox 392 1013 549 1075; x_wconf 88' lang='lat' dir='ltr'>voluntati</span> <span class='ocrx_word' id='word_1_35' title='bbox 579 1012 737 1075; x_wconf 77' lang='lat' dir='ltr'><strong>fecissent.</strong></span> <span class='ocrx_word' id='word_1_36' title='bbox 756 1015 826 1076; x_wconf 91' lang='lat' dir='ltr'>Hiis</span> <span class='ocrx_word' id='word_1_37' title='bbox 843 1035 908 1077; x_wconf 93' lang='lat' dir='ltr'>non</span> <span class='ocrx_word' id='word_1_38' title='bbox 926 1015 1078 1095; x_wconf 85' lang='lat' dir='ltr'>contenti,</span> <span class='ocrx_word' id='word_1_39' title='bbox 1094 1015 1234 1077; x_wconf 86' lang='lat' dir='ltr'>sedecim</span> <span class='ocrx_word' id='word_1_40' title='bbox 1252 1016 1352 1077; x_wconf 91' lang='lat' dir='ltr'>dietas</span> <span class='ocrx_word' id='word_1_41' title='bbox 1368 1036 1468 1078; x_wconf 91' lang='lat' dir='ltr'>avene</span> 
     </span>
     <span class='ocr_line' id='line_1_6' title="bbox 200 1119 1468 1201; baseline 0.003 -21"><span class='ocrx_word' id='word_1_42' title='bbox 200 1119 307 1183; x_wconf 91' lang='lat' dir='ltr'>adhuc</span> <span class='ocrx_word' id='word_1_43' title='bbox 331 1119 477 1181; x_wconf 92' lang='lat' dir='ltr'>nondum</span> <span class='ocrx_word' id='word_1_44' title='bbox 502 1131 625 1182; x_wconf 89' lang='lat' dir='ltr'>mature</span> <span class='ocrx_word' id='word_1_45' title='bbox 650 1120 779 1181; x_wconf 85' lang='lat' dir='ltr'>ensibus</span> <span class='ocrx_word' id='word_1_46' title='bbox 803 1121 979 1201; x_wconf 83' lang='lat' dir='ltr'>evaginatis</span> <span class='ocrx_word' id='word_1_47' title='bbox 1003 1134 1034 1184; x_wconf 88' lang='lat' dir='ltr'>et</span> <span class='ocrx_word' id='word_1_48' title='bbox 1058 1119 1186 1183; x_wconf 85' lang='lat' dir='ltr'>frameis</span> <span class='ocrx_word' id='word_1_49' title='bbox 1209 1122 1416 1184; x_wconf 87' lang='lat' dir='ltr'>succidissent</span> <span class='ocrx_word' id='word_1_50' title='bbox 1432 1141 1468 1184; x_wconf 92' lang='lat' dir='ltr'>ac</span> 
     </span>
     <span class='ocr_line' id='line_1_7' title="bbox 201 1225 1470 1308; baseline 0.002 -22"><span class='ocrx_word' id='word_1_51' title='bbox 201 1225 365 1306; x_wconf 86' lang='lat' dir='ltr'>equitibus</span> <span class='ocrx_word' id='word_1_52' title='bbox 396 1238 428 1287; x_wconf 90' lang='lat' dir='ltr'>et</span> <span class='ocrx_word' id='word_1_53' title='bbox 457 1225 618 1308; x_wconf 89' lang='lat' dir='ltr'>peditibus</span> <span class='ocrx_word' id='word_1_54' title='bbox 647 1225 790 1308; x_wconf 91' lang='lat' dir='ltr'>ipsorum</span> <span class='ocrx_word' id='word_1_55' title='bbox 815 1227 1038 1289; x_wconf 90' lang='lat' dir='ltr'>contrivissent</span> <span class='ocrx_word' id='word_1_56' title='bbox 1061 1241 1092 1290; x_wconf 93' lang='lat' dir='ltr'>et</span> <span class='ocrx_word' id='word_1_57' title='bbox 1116 1227 1296 1290; x_wconf 89' lang='lat' dir='ltr'>conculcari</span> <span class='ocrx_word' id='word_1_58' title='bbox 1321 1226 1470 1290; x_wconf 84' lang='lat' dir='ltr'>fecissent</span> 
     </span>
     <span class='ocr_line' id='line_1_8' title="bbox 202 1331 1470 1414; baseline 0.002 -21"><span class='ocrx_word' id='word_1_59' title='bbox 202 1345 234 1394; x_wconf 90' lang='lat' dir='ltr'>et</span> <span class='ocrx_word' id='word_1_60' title='bbox 269 1333 301 1393; x_wconf 92' lang='lat' dir='ltr'>in</span> <span class='ocrx_word' id='word_1_61' title='bbox 336 1331 476 1394; x_wconf 90' lang='lat' dir='ltr'>nihilum</span> <span class='ocrx_word' id='word_1_62' title='bbox 512 1331 709 1414; x_wconf 80' lang='lat' dir='ltr'>redegissent</span> <span class='ocrx_word' id='word_1_63' title='bbox 742 1333 890 1414; x_wconf 91' lang='lat' dir='ltr'>potencia</span> <span class='ocrx_word' id='word_1_64' title='bbox 923 1333 1096 1396; x_wconf 83' lang='lat' dir='ltr'>mediante.</span> <span class='ocrx_word' id='word_1_65' title='bbox 1129 1333 1231 1396; x_wconf 90' lang='lat' dir='ltr'>lmmo</span> <span class='ocrx_word' id='word_1_66' title='bbox 1262 1334 1346 1397; x_wconf 87' lang='lat' dir='ltr'>mala</span> <span class='ocrx_word' id='word_1_67' title='bbox 1378 1333 1470 1396; x_wconf 89' lang='lat' dir='ltr'>malis</span> 
     </span>
     <span class='ocr_line' id='line_1_9' title="bbox 201 1438 1470 1522; baseline 0.003 -23"><span class='ocrx_word' id='word_1_68' title='bbox 201 1438 451 1518; x_wconf 86' lang='lat' dir='ltr'>accumulantes,</span> <span class='ocrx_word' id='word_1_69' title='bbox 479 1458 544 1500; x_wconf 94' lang='lat' dir='ltr'>non</span> <span class='ocrx_word' id='word_1_70' title='bbox 568 1453 713 1500; x_wconf 87' lang='lat' dir='ltr'>verentes</span> <span class='ocrx_word' id='word_1_71' title='bbox 743 1438 852 1518; x_wconf 88' lang='lat' dir='ltr'>deum,</span> <span class='ocrx_word' id='word_1_72' title='bbox 881 1453 953 1521; x_wconf 92' lang='lat' dir='ltr'>post</span> <span class='ocrx_word' id='word_1_73' title='bbox 976 1453 1102 1520; x_wconf 88' lang='lat' dir='ltr'>tergum</span> <span class='ocrx_word' id='word_1_74' title='bbox 1126 1440 1222 1502; x_wconf 89' lang='lat' dir='ltr'>etiam</span> <span class='ocrx_word' id='word_1_75' title='bbox 1245 1441 1357 1522; x_wconf 91' lang='lat' dir='ltr'>positis</span> <span class='ocrx_word' id='word_1_76' title='bbox 1380 1460 1470 1503; x_wconf 90' lang='lat' dir='ltr'>man·</span> 
     </span>
     <span class='ocr_line' id='line_1_10' title="bbox 203 1544 1471 1628; baseline 0.001 -22"><span class='ocrx_word' id='word_1_77' title='bbox 203 1545 287 1606; x_wconf 89' lang='lat' dir='ltr'>datis</span> <span class='ocrx_word' id='word_1_78' title='bbox 318 1544 406 1626; x_wconf 80' lang='lat' dir='ltr'>regie</span> <span class='ocrx_word' id='word_1_79' title='bbox 431 1545 605 1606; x_wconf 89' lang='lat' dir='ltr'>Maiestatis</span> <span class='ocrx_word' id='word_1_80' title='bbox 636 1565 672 1606; x_wconf 95' lang='lat' dir='ltr'>ac</span> <span class='ocrx_word' id='word_1_81' title='bbox 696 1544 821 1606; x_wconf 93' lang='lat' dir='ltr'>domini</span> <span class='ocrx_word' id='word_1_82' title='bbox 851 1545 937 1624; x_wconf 86' lang='lat' dir='ltr'>bani,</span> <span class='ocrx_word' id='word_1_83' title='bbox 964 1545 1184 1628; x_wconf 90' lang='lat' dir='ltr'>vilipensaque</span> <span class='ocrx_word' id='word_1_84' title='bbox 1209 1545 1416 1608; x_wconf 90' lang='lat' dir='ltr'>ordinacione</span> <span class='ocrx_word' id='word_1_85' title='bbox 1440 1559 1471 1607; x_wconf 94' lang='lat' dir='ltr'>et</span> 
     </span>
     <span class='ocr_line' id='line_1_11' title="bbox 204 1649 1471 1734; baseline 0 -22"><span class='ocrx_word' id='word_1_86' title='bbox 204 1664 324 1713; x_wconf 89' lang='lat' dir='ltr'>statuto</span> <span class='ocrx_word' id='word_1_87' title='bbox 355 1651 445 1732; x_wconf 90' lang='lat' dir='ltr'>regni</span> <span class='ocrx_word' id='word_1_88' title='bbox 477 1650 565 1712; x_wconf 90' lang='lat' dir='ltr'>illius</span> <span class='ocrx_word' id='word_1_89' title='bbox 596 1651 696 1712; x_wconf 91' lang='lat' dir='ltr'>nostri</span> <span class='ocrx_word' id='word_1_90' title='bbox 729 1649 911 1730; x_wconf 90' lang='lat' dir='ltr'>Sclauonie,</span> <span class='ocrx_word' id='word_1_91' title='bbox 936 1665 1137 1734; x_wconf 89' lang='lat' dir='ltr'>opponentes</span> <span class='ocrx_word' id='word_1_92' title='bbox 1164 1671 1197 1714; x_wconf 88' lang='lat' dir='ltr'>se</span> <span class='ocrx_word' id='word_1_93' title='bbox 1222 1667 1331 1714; x_wconf 90' lang='lat' dir='ltr'>contra</span> <span class='ocrx_word' id='word_1_94' title='bbox 1355 1665 1471 1714; x_wconf 88' lang='lat' dir='ltr'>statum</span> 
     </span>
     <span class='ocr_line' id='line_1_12' title="bbox 205 1755 1471 1841; baseline -0.001 -22"><span class='ocrx_word' id='word_1_95' title='bbox 205 1771 236 1819; x_wconf 93' lang='lat' dir='ltr'>et</span> <span class='ocrx_word' id='word_1_96' title='bbox 268 1757 500 1839; x_wconf 88' lang='lat' dir='ltr'>rempublicam</span> <span class='ocrx_word' id='word_1_97' title='bbox 533 1757 565 1818; x_wconf 95' lang='lat' dir='ltr'>in</span> <span class='ocrx_word' id='word_1_98' title='bbox 596 1755 851 1819; x_wconf 88' lang='lat' dir='ltr'>destruccionem</span> <span class='ocrx_word' id='word_1_99' title='bbox 882 1778 918 1819; x_wconf 90' lang='lat' dir='ltr'>ac</span> <span class='ocrx_word' id='word_1_100' title='bbox 951 1757 1111 1819; x_wconf 86' lang='lat' dir='ltr'>excidium</span> <span class='ocrx_word' id='word_1_101' title='bbox 1136 1757 1235 1841; x_wconf 91' lang='lat' dir='ltr'>ipsius</span> <span class='ocrx_word' id='word_1_102' title='bbox 1258 1759 1348 1840; x_wconf 89' lang='lat' dir='ltr'>regni</span> <span class='ocrx_word' id='word_1_103' title='bbox 1373 1758 1471 1820; x_wconf 88' lang='lat' dir='ltr'>nostri</span> 
     </span>
     <span class='ocr_line' id='line_1_13' title="bbox 206 1863 1471 1946; baseline -0.001 -21"><span class='ocrx_word' id='word_1_104' title='bbox 206 1863 377 1926; x_wconf 85' lang='lat' dir='ltr'>Sclauonie</span> <span class='ocrx_word' id='word_1_105' title='bbox 400 1877 545 1945; x_wconf 89' lang='lat' dir='ltr'>tempore</span> <span class='ocrx_word' id='word_1_106' title='bbox 569 1863 602 1924; x_wconf 95' lang='lat' dir='ltr'>in</span> <span class='ocrx_word' id='word_1_107' title='bbox 627 1863 742 1925; x_wconf 92' lang='lat' dir='ltr'>eodem</span> <span class='ocrx_word' id='word_1_108' title='bbox 765 1877 831 1924; x_wconf 88' lang='lat' dir='ltr'>tam</span> <span class='ocrx_word' id='word_1_109' title='bbox 856 1864 887 1924; x_wconf 93' lang='lat' dir='ltr'>in</span> <span class='ocrx_word' id='word_1_110' title='bbox 910 1863 1029 1944; x_wconf 90' lang='lat' dir='ltr'>eundo,</span> <span class='ocrx_word' id='word_1_111' title='bbox 1050 1883 1148 1946; x_wconf 91' lang='lat' dir='ltr'>quam</span> <span class='ocrx_word' id='word_1_112' title='bbox 1172 1863 1349 1942; x_wconf 90' lang='lat' dir='ltr'>redeundo,</span> <span class='ocrx_word' id='word_1_113' title='bbox 1370 1883 1471 1926; x_wconf 94' lang='lat' dir='ltr'>unum</span> 
     </span>
     <span class='ocr_line' id='line_1_14' title="bbox 205 1967 1472 2052; baseline 0 -21"><span class='ocrx_word' id='word_1_114' title='bbox 205 1970 318 2052; x_wconf 93' lang='lat' dir='ltr'>palum</span> <span class='ocrx_word' id='word_1_115' title='bbox 342 1983 472 2031; x_wconf 94' lang='lat' dir='ltr'>acutum</span> <span class='ocrx_word' id='word_1_116' title='bbox 496 1970 594 2030; x_wconf 91' lang='lat' dir='ltr'>instar</span> <span class='ocrx_word' id='word_1_117' title='bbox 616 1983 647 2031; x_wconf 92' lang='lat' dir='ltr'>et</span> <span class='ocrx_word' id='word_1_118' title='bbox 667 1969 707 2030; x_wconf 91' lang='lat' dir='ltr'>ad</span> <span class='ocrx_word' id='word_1_119' title='bbox 724 1969 859 2031; x_wconf 90' lang='lat' dir='ltr'>modum</span> <span class='ocrx_word' id='word_1_120' title='bbox 876 1969 1021 2031; x_wconf 92' lang='lat' dir='ltr'>fictorum</span> <span class='ocrx_word' id='word_1_121' title='bbox 1040 1967 1220 2031; x_wconf 87' lang='lat' dir='ltr'>infidelium</span> <span class='ocrx_word' id='word_1_122' title='bbox 1237 1970 1472 2051; x_wconf 90' lang='lat' dir='ltr'>rebelliumque</span> 
     </span>
     <span class='ocr_line' id='line_1_15' title="bbox 207 2074 1472 2157; baseline -0.001 -20"><span class='ocrx_word' id='word_1_123' title='bbox 207 2074 461 2154; x_wconf 86' lang='lat' dir='ltr'>Crucilerorum,</span> <span class='ocrx_word' id='word_1_124' title='bbox 486 2075 540 2157; x_wconf 92' lang='lat' dir='ltr'>qui</span> <span class='ocrx_word' id='word_1_125' title='bbox 566 2089 676 2137; x_wconf 89' lang='lat' dir='ltr'>contra</span> <span class='ocrx_word' id='word_1_126' title='bbox 701 2075 900 2136; x_wconf 85' lang='lat' dir='ltr'>Maiestatem</span> <span class='ocrx_word' id='word_1_127' title='bbox 925 2089 1067 2137; x_wconf 89' lang='lat' dir='ltr'>nostram</span> <span class='ocrx_word' id='word_1_128' title='bbox 1088 2095 1124 2137; x_wconf 90' lang='lat' dir='ltr'>ac</span> <span class='ocrx_word' id='word_1_129' title='bbox 1140 2087 1244 2138; x_wconf 89' lang='lat' dir='ltr'>totum</span> <span class='ocrx_word' id='word_1_130' title='bbox 1261 2075 1321 2138; x_wconf 91' lang='lat' dir='ltr'>hoc</span> <span class='ocrx_word' id='word_1_131' title='bbox 1339 2095 1472 2156; x_wconf 89' lang='lat' dir='ltr'>regnum</span> 
     </span>
     <span class='ocr_line' id='line_1_16' title="bbox 206 2181 1473 2264; baseline 0.001 -21"><span class='ocrx_word' id='word_1_132' title='bbox 206 2195 354 2244; x_wconf 89' lang='lat' dir='ltr'>nostrum</span> <span class='ocrx_word' id='word_1_133' title='bbox 378 2183 441 2243; x_wconf 91' lang='lat' dir='ltr'>iam</span> <span class='ocrx_word' id='word_1_134' title='bbox 462 2182 494 2242; x_wconf 93' lang='lat' dir='ltr'>in</span> <span class='ocrx_word' id='word_1_135' title='bbox 515 2182 662 2264; x_wconf 88' lang='lat' dir='ltr'>proximo</span> <span class='ocrx_word' id='word_1_136' title='bbox 685 2201 774 2243; x_wconf 91' lang='lat' dir='ltr'>more</span> <span class='ocrx_word' id='word_1_137' title='bbox 791 2181 899 2242; x_wconf 93' lang='lat' dir='ltr'>hostili</span> <span class='ocrx_word' id='word_1_138' title='bbox 916 2181 977 2243; x_wconf 93' lang='lat' dir='ltr'>hoc</span> <span class='ocrx_word' id='word_1_139' title='bbox 994 2201 1129 2262; x_wconf 87' lang='lat' dir='ltr'>regnum</span> <span class='ocrx_word' id='word_1_140' title='bbox 1147 2194 1291 2243; x_wconf 88' lang='lat' dir='ltr'>nostrum</span> <span class='ocrx_word' id='word_1_141' title='bbox 1308 2181 1473 2264; x_wconf 89' lang='lat' dir='ltr'>Hungarie</span> 
     </span>
     <span class='ocr_line' id='line_1_17' title="bbox 207 2286 1474 2371; baseline 0.001 -23"><span class='ocrx_word' id='word_1_142' title='bbox 207 2289 404 2350; x_wconf 89' lang='lat' dir='ltr'>vastancium</span> <span class='ocrx_word' id='word_1_143' title='bbox 430 2289 659 2368; x_wconf 89' lang='lat' dir='ltr'>insurexetant,</span> <span class='ocrx_word' id='word_1_144' title='bbox 683 2301 755 2350; x_wconf 90' lang='lat' dir='ltr'>ante</span> <span class='ocrx_word' id='word_1_145' title='bbox 783 2307 816 2348; x_wconf 89' lang='lat' dir='ltr'>se</span> <span class='ocrx_word' id='word_1_146' title='bbox 840 2286 988 2366; x_wconf 85' lang='lat' dir='ltr'>ferentes,</span> <span class='ocrx_word' id='word_1_147' title='bbox 1012 2287 1115 2349; x_wconf 88' lang='lat' dir='ltr'>minas</span> <span class='ocrx_word' id='word_1_148' title='bbox 1140 2287 1217 2370; x_wconf 89' lang='lat' dir='ltr'>ipsis</span> <span class='ocrx_word' id='word_1_149' title='bbox 1241 2289 1474 2371; x_wconf 85' lang='lat' dir='ltr'>exponentibus</span> 
     </span>
     <span class='ocr_line' id='line_1_18' title="bbox 207 2393 1473 2477; baseline -0.001 -21"><span class='ocrx_word' id='word_1_150' title='bbox 207 2396 422 2476; x_wconf 89' lang='lat' dir='ltr'>imponentes,</span> <span class='ocrx_word' id='word_1_151' title='bbox 457 2395 607 2476; x_wconf 91' lang='lat' dir='ltr'>ipsosque</span> <span class='ocrx_word' id='word_1_152' title='bbox 640 2394 778 2477; x_wconf 91' lang='lat' dir='ltr'>perfidos</span> <span class='ocrx_word' id='word_1_153' title='bbox 814 2393 998 2456; x_wconf 88' lang='lat' dir='ltr'>Crucileros</span> <span class='ocrx_word' id='word_1_154' title='bbox 1031 2406 1157 2456; x_wconf 90' lang='lat' dir='ltr'>nostros</span> <span class='ocrx_word' id='word_1_155' title='bbox 1190 2407 1221 2456; x_wconf 93' lang='lat' dir='ltr'>et</span> <span class='ocrx_word' id='word_1_156' title='bbox 1251 2395 1341 2476; x_wconf 90' lang='lat' dir='ltr'>regni</span> <span class='ocrx_word' id='word_1_157' title='bbox 1375 2395 1473 2456; x_wconf 90' lang='lat' dir='ltr'>nostri</span> 
     </span>
     <span class='ocr_line' id='line_1_19' title="bbox 207 2499 1474 2583; baseline 0 -21"><span class='ocrx_word' id='word_1_158' title='bbox 207 2502 353 2563; x_wconf 92' lang='lat' dir='ltr'>notorios</span> <span class='ocrx_word' id='word_1_159' title='bbox 378 2499 523 2562; x_wconf 90' lang='lat' dir='ltr'>infideles</span> <span class='ocrx_word' id='word_1_160' title='bbox 547 2515 577 2563; x_wconf 90' lang='lat' dir='ltr'>et</span> <span class='ocrx_word' id='word_1_161' title='bbox 601 2501 727 2562; x_wconf 89' lang='lat' dir='ltr'>emulos</span> <span class='ocrx_word' id='word_1_162' title='bbox 748 2500 787 2562; x_wconf 93' lang='lat' dir='ltr'>ad</span> <span class='ocrx_word' id='word_1_163' title='bbox 813 2499 1012 2562; x_wconf 92' lang='lat' dir='ltr'>delecionem</span> <span class='ocrx_word' id='word_1_164' title='bbox 1038 2511 1069 2561; x_wconf 92' lang='lat' dir='ltr'>et</span> <span class='ocrx_word' id='word_1_165' title='bbox 1091 2499 1309 2583; x_wconf 90' lang='lat' dir='ltr'>perdicionem</span> <span class='ocrx_word' id='word_1_166' title='bbox 1331 2501 1474 2582; x_wconf 92' lang='lat' dir='ltr'>ipsorum</span> 
     </span>
     <span class='ocr_line' id='line_1_20' title="bbox 208 2605 1474 2690; baseline 0 -22"><span class='ocrx_word' id='word_1_167' title='bbox 208 2608 444 2690; x_wconf 85' lang='lat' dir='ltr'>exponencium</span> <span class='ocrx_word' id='word_1_168' title='bbox 468 2607 500 2668; x_wconf 92' lang='lat' dir='ltr'>in</span> <span class='ocrx_word' id='word_1_169' title='bbox 523 2606 678 2668; x_wconf 93' lang='lat' dir='ltr'>auxilium</span> <span class='ocrx_word' id='word_1_170' title='bbox 703 2625 816 2668; x_wconf 92' lang='lat' dir='ltr'>eorum</span> <span class='ocrx_word' id='word_1_171' title='bbox 841 2605 1028 2668; x_wconf 90' lang='lat' dir='ltr'>inducturos</span> <span class='ocrx_word' id='word_1_172' title='bbox 1051 2606 1203 2668; x_wconf 90' lang='lat' dir='ltr'>adversus</span> <span class='ocrx_word' id='word_1_173' title='bbox 1227 2607 1358 2669; x_wconf 91' lang='lat' dir='ltr'>eosdem</span> <span class='ocrx_word' id='word_1_174' title='bbox 1377 2625 1474 2690; x_wconf 89' lang='lat' dir='ltr'>expo·</span> 
     </span>
     <span class='ocr_line' id='line_1_21' title="bbox 208 2711 1475 2796; baseline -0.001 -20"><span class='ocrx_word' id='word_1_175' title='bbox 208 2729 321 2776; x_wconf 88' lang='lat' dir='ltr'>nentes</span> <span class='ocrx_word' id='word_1_176' title='bbox 338 2714 443 2796; x_wconf 88' lang='lat' dir='ltr'>palam</span> <span class='ocrx_word' id='word_1_177' title='bbox 461 2727 492 2774; x_wconf 92' lang='lat' dir='ltr'>et</span> <span class='ocrx_word' id='word_1_178' title='bbox 508 2712 674 2775; x_wconf 84' lang='lat' dir='ltr'>manifeste</span> <span class='ocrx_word' id='word_1_179' title='bbox 693 2713 944 2795; x_wconf 88' lang='lat' dir='ltr'>proclamassent</span> <span class='ocrx_word' id='word_1_180' title='bbox 961 2713 993 2774; x_wconf 92' lang='lat' dir='ltr'>in</span> <span class='ocrx_word' id='word_1_181' title='bbox 1011 2711 1236 2794; x_wconf 86' lang='lat' dir='ltr'>preludicium,</span> <span class='ocrx_word' id='word_1_182' title='bbox 1254 2713 1475 2794; x_wconf 91' lang='lat' dir='ltr'>damnumque</span> 
     </span>
     <span class='ocr_line' id='line_1_22' title="bbox 210 2819 1476 2902; baseline -0.002 -20"><span class='ocrx_word' id='word_1_183' title='bbox 210 2835 241 2882; x_wconf 92' lang='lat' dir='ltr'>et</span> <span class='ocrx_word' id='word_1_184' title='bbox 264 2821 493 2882; x_wconf 91' lang='lat' dir='ltr'>detrimentum</span> <span class='ocrx_word' id='word_1_185' title='bbox 519 2839 554 2880; x_wconf 94' lang='lat' dir='ltr'>ac</span> <span class='ocrx_word' id='word_1_186' title='bbox 578 2819 850 2902; x_wconf 89' lang='lat' dir='ltr'>periclitacionem</span> <span class='ocrx_word' id='word_1_187' title='bbox 877 2820 1018 2900; x_wconf 87' lang='lat' dir='ltr'>ipsorum</span> <span class='ocrx_word' id='word_1_188' title='bbox 1040 2820 1274 2902; x_wconf 90' lang='lat' dir='ltr'>exponencium</span> <span class='ocrx_word' id='word_1_189' title='bbox 1291 2839 1327 2881; x_wconf 90' lang='lat' dir='ltr'>ac</span> <span class='ocrx_word' id='word_1_190' title='bbox 1344 2819 1476 2881; x_wconf 89' lang='lat' dir='ltr'>ecclesie</span> 
     </span>
     <span class='ocr_line' id='line_1_23' title="bbox 211 2923 1476 3008; baseline -0.002 -20"><span class='ocrx_word' id='word_1_191' title='bbox 211 2946 324 2988; x_wconf 90' lang='lat' dir='ltr'>eorum</span> <span class='ocrx_word' id='word_1_192' title='bbox 357 2925 516 2988; x_wconf 89' lang='lat' dir='ltr'>antedicte</span> <span class='ocrx_word' id='word_1_193' title='bbox 551 2923 768 2987; x_wconf 84' lang='lat' dir='ltr'>manifestum.</span> <span class='ocrx_word' id='word_1_194' title='bbox 802 2925 1024 3006; x_wconf 89' lang='lat' dir='ltr'>Supplicatum</span> <span class='ocrx_word' id='word_1_195' title='bbox 1051 2923 1157 3006; x_wconf 91' lang='lat' dir='ltr'>itaque</span> <span class='ocrx_word' id='word_1_196' title='bbox 1182 2925 1284 2988; x_wconf 91' lang='lat' dir='ltr'>extitit</span> <span class='ocrx_word' id='word_1_197' title='bbox 1307 2945 1365 3008; x_wconf 90' lang='lat' dir='ltr'>pro</span> <span class='ocrx_word' id='word_1_198' title='bbox 1389 2938 1476 3007; x_wconf 91' lang='lat' dir='ltr'>parte</span> 
     </span>
     <span class='ocr_line' id='line_1_24' title="bbox 212 3029 1477 3115; baseline -0.002 -21"><span class='ocrx_word' id='word_1_199' title='bbox 212 3034 312 3115; x_wconf 89' lang='lat' dir='ltr'>ipsius</span> <span class='ocrx_word' id='word_1_200' title='bbox 347 3031 478 3115; x_wconf 91' lang='lat' dir='ltr'>capituli</span> <span class='ocrx_word' id='word_1_201' title='bbox 514 3031 703 3114; x_wconf 90' lang='lat' dir='ltr'>exponentis</span> <span class='ocrx_word' id='word_1_202' title='bbox 738 3045 843 3092; x_wconf 88' lang='lat' dir='ltr'>nostre</span> <span class='ocrx_word' id='word_1_203' title='bbox 879 3029 1046 3110; x_wconf 89' lang='lat' dir='ltr'>Maiestati,</span> <span class='ocrx_word' id='word_1_204' title='bbox 1078 3045 1112 3092; x_wconf 93' lang='lat' dir='ltr'>ut</span> <span class='ocrx_word' id='word_1_205' title='bbox 1146 3029 1252 3094; x_wconf 92' lang='lat' dir='ltr'>eidem</span> <span class='ocrx_word' id='word_1_206' title='bbox 1283 3051 1377 3114; x_wconf 89' lang='lat' dir='ltr'>super</span> <span class='ocrx_word' id='word_1_207' title='bbox 1407 3049 1477 3114; x_wconf 93' lang='lat' dir='ltr'>pre-</span> 
     </span>
     <span class='ocr_line' id='line_1_25' title="bbox 212 3137 1476 3220; baseline -0.002 -19"><span class='ocrx_word' id='word_1_208' title='bbox 212 3139 317 3201; x_wconf 91' lang='lat' dir='ltr'>missis</span> <span class='ocrx_word' id='word_1_209' title='bbox 352 3139 391 3202; x_wconf 91' lang='lat' dir='ltr'>de</span> <span class='ocrx_word' id='word_1_210' title='bbox 426 3139 590 3220; x_wconf 91' lang='lat' dir='ltr'>condigno</span> <span class='ocrx_word' id='word_1_211' title='bbox 625 3137 768 3200; x_wconf 91' lang='lat' dir='ltr'>remedio</span> <span class='ocrx_word' id='word_1_212' title='bbox 804 3137 972 3219; x_wconf 90' lang='lat' dir='ltr'>providere</span> <span class='ocrx_word' id='word_1_213' title='bbox 1009 3137 1225 3218; x_wconf 89' lang='lat' dir='ltr'>dignaremur.</span> <span class='ocrx_word' id='word_1_214' title='bbox 1259 3139 1299 3198; x_wconf 91' lang='lat' dir='ltr'>Et</span> <span class='ocrx_word' id='word_1_215' title='bbox 1330 3137 1405 3218; x_wconf 90' lang='lat' dir='ltr'>quia</span> <span class='ocrx_word' id='word_1_216' title='bbox 1438 3137 1476 3197; x_wconf 93' lang='lat' dir='ltr'>de</span> 
     </span>
     <span class='ocr_line' id='line_1_26' title="bbox 213 3242 1478 3326; baseline -0.002 -19"><span class='ocrx_word' id='word_1_217' title='bbox 213 3245 444 3307; x_wconf 78' lang='lat' dir='ltr'>consuetudine</span> <span class='ocrx_word' id='word_1_218' title='bbox 469 3245 554 3306; x_wconf 89' lang='lat' dir='ltr'>illius</span> <span class='ocrx_word' id='word_1_219' title='bbox 578 3245 666 3326; x_wconf 88' lang='lat' dir='ltr'>regni</span> <span class='ocrx_word' id='word_1_220' title='bbox 692 3243 790 3304; x_wconf 89' lang='lat' dir='ltr'>nostri</span> <span class='ocrx_word' id='word_1_221' title='bbox 816 3242 986 3304; x_wconf 87' lang='lat' dir='ltr'>Sclauonie</span> <span class='ocrx_word' id='word_1_222' title='bbox 1015 3243 1055 3304; x_wconf 92' lang='lat' dir='ltr'>ab</span> <span class='ocrx_word' id='word_1_223' title='bbox 1079 3243 1158 3304; x_wconf 92' lang='lat' dir='ltr'>olim</span> <span class='ocrx_word' id='word_1_224' title='bbox 1183 3245 1360 3322; x_wconf 90' lang='lat' dir='ltr'>observata,</span> <span class='ocrx_word' id='word_1_225' title='bbox 1384 3262 1478 3304; x_wconf 89' lang='lat' dir='ltr'>cause</span> 
     </span>
     <span class='ocr_line' id='line_1_27' title="bbox 214 3347 1479 3432; baseline -0.003 -19"><span class='ocrx_word' id='word_1_226' title='bbox 214 3350 333 3413; x_wconf 87' lang='lat' dir='ltr'>factum</span> <span class='ocrx_word' id='word_1_227' title='bbox 358 3371 461 3413; x_wconf 90' lang='lat' dir='ltr'>novos</span> <span class='ocrx_word' id='word_1_228' title='bbox 485 3365 574 3412; x_wconf 90' lang='lat' dir='ltr'>actus</span> <span class='ocrx_word' id='word_1_229' title='bbox 598 3349 812 3432; x_wconf 88' lang='lat' dir='ltr'>potenciarios</span> <span class='ocrx_word' id='word_1_230' title='bbox 835 3361 1012 3428; x_wconf 91' lang='lat' dir='ltr'>tangentes,</span> <span class='ocrx_word' id='word_1_231' title='bbox 1029 3367 1094 3409; x_wconf 91' lang='lat' dir='ltr'>non</span> <span class='ocrx_word' id='word_1_232' title='bbox 1120 3348 1218 3430; x_wconf 90' lang='lat' dir='ltr'>longo</span> <span class='ocrx_word' id='word_1_233' title='bbox 1243 3347 1306 3410; x_wconf 89' lang='lat' dir='ltr'>litis</span> <span class='ocrx_word' id='word_1_234' title='bbox 1330 3368 1479 3430; x_wconf 90' lang='lat' dir='ltr'>processu</span> 
     </span>
     <span class='ocr_line' id='line_1_28' title="bbox 214 3453 1479 3538; baseline -0.003 -19"><span class='ocrx_word' id='word_1_235' title='bbox 214 3459 269 3519; x_wconf 92' lang='lat' dir='ltr'>sed</span> <span class='ocrx_word' id='word_1_236' title='bbox 302 3457 334 3519; x_wconf 92' lang='lat' dir='ltr'>in</span> <span class='ocrx_word' id='word_1_237' title='bbox 369 3457 677 3538; x_wconf 88' lang='lat' dir='ltr'>congregacionibus</span> <span class='ocrx_word' id='word_1_238' title='bbox 709 3453 747 3516; x_wconf 90' lang='lat' dir='ltr'>ad</span> <span class='ocrx_word' id='word_1_239' title='bbox 779 3455 942 3536; x_wconf 85' lang='lat' dir='ltr'>querelam</span> <span class='ocrx_word' id='word_1_240' title='bbox 975 3453 1140 3516; x_wconf 89' lang='lat' dir='ltr'>dumtaxat</span> <span class='ocrx_word' id='word_1_241' title='bbox 1170 3455 1317 3536; x_wconf 90' lang='lat' dir='ltr'>primitus</span> <span class='ocrx_word' id='word_1_242' title='bbox 1340 3454 1479 3516; x_wconf 91' lang='lat' dir='ltr'>fiendam</span> 
     </span>
     <span class='ocr_line' id='line_1_29' title="bbox 215 3557 1479 3644; baseline -0.005 -18"><span class='ocrx_word' id='word_1_243' title='bbox 215 3564 391 3644; x_wconf 87' lang='lat' dir='ltr'>adjudicari</span> <span class='ocrx_word' id='word_1_244' title='bbox 416 3564 520 3624; x_wconf 92' lang='lat' dir='ltr'>solent</span> <span class='ocrx_word' id='word_1_245' title='bbox 544 3575 575 3625; x_wconf 91' lang='lat' dir='ltr'>et</span> <span class='ocrx_word' id='word_1_246' title='bbox 598 3561 735 3624; x_wconf 88' lang='lat' dir='ltr'>finaliter</span> <span class='ocrx_word' id='word_1_247' title='bbox 758 3559 932 3638; x_wconf 90' lang='lat' dir='ltr'>terminari,</span> <span class='ocrx_word' id='word_1_248' title='bbox 958 3557 1102 3621; x_wconf 89' lang='lat' dir='ltr'>fidelitati</span> <span class='ocrx_word' id='word_1_249' title='bbox 1128 3560 1223 3640; x_wconf 89' lang='lat' dir='ltr'>igitur</span> <span class='ocrx_word' id='word_1_250' title='bbox 1244 3574 1344 3621; x_wconf 86' lang='lat' dir='ltr'>vestre</span> <span class='ocrx_word' id='word_1_251' title='bbox 1365 3559 1479 3621; x_wconf 91' lang='lat' dir='ltr'>harum</span> 
     </span>
     <span class='ocr_line' id='line_1_30' title="bbox 215 3665 1480 3750; baseline -0.005 -18"><span class='ocrx_word' id='word_1_252' title='bbox 215 3671 294 3732; x_wconf 90' lang='lat' dir='ltr'>serie</span> <span class='ocrx_word' id='word_1_253' title='bbox 320 3669 452 3732; x_wconf 90' lang='lat' dir='ltr'>firmiter</span> <span class='ocrx_word' id='word_1_254' title='bbox 476 3669 688 3750; x_wconf 90' lang='lat' dir='ltr'>precipientes</span> <span class='ocrx_word' id='word_1_255' title='bbox 711 3665 912 3744; x_wconf 89' lang='lat' dir='ltr'>mandamus,</span> <span class='ocrx_word' id='word_1_256' title='bbox 937 3679 1093 3746; x_wconf 90' lang='lat' dir='ltr'>quatenus</span> <span class='ocrx_word' id='word_1_257' title='bbox 1120 3665 1256 3746; x_wconf 89' lang='lat' dir='ltr'>acceptis</span> <span class='ocrx_word' id='word_1_258' title='bbox 1280 3665 1480 3748; x_wconf 89' lang='lat' dir='ltr'>presentibus</span> 
     </span>
     <span class='ocr_line' id='line_1_31' title="bbox 215 3769 1480 3859; baseline -0.007 -20"><span class='ocrx_word' id='word_1_259' title='bbox 215 3797 273 3859; x_wconf 93' lang='lat' dir='ltr'>pro</span> <span class='ocrx_word' id='word_1_260' title='bbox 298 3796 365 3838; x_wconf 92' lang='lat' dir='ltr'>uno</span> <span class='ocrx_word' id='word_1_261' title='bbox 389 3788 475 3836; x_wconf 90' lang='lat' dir='ltr'>certo</span> <span class='ocrx_word' id='word_1_262' title='bbox 498 3787 528 3836; x_wconf 89' lang='lat' dir='ltr'>et</span> <span class='ocrx_word' id='word_1_263' title='bbox 553 3775 639 3835; x_wconf 90' lang='lat' dir='ltr'>brevi</span> <span class='ocrx_word' id='word_1_264' title='bbox 664 3774 802 3837; x_wconf 87' lang='lat' dir='ltr'>termino</span> <span class='ocrx_word' id='word_1_265' title='bbox 823 3772 1085 3854; x_wconf 88' lang='lat' dir='ltr'>congregacionis</span> <span class='ocrx_word' id='word_1_266' title='bbox 1104 3770 1262 3853; x_wconf 91' lang='lat' dir='ltr'>generalis</span> <span class='ocrx_word' id='word_1_267' title='bbox 1279 3783 1350 3852; x_wconf 94' lang='lat' dir='ltr'>post</span> <span class='ocrx_word' id='word_1_268' title='bbox 1367 3769 1480 3834; x_wconf 89' lang='lat' dir='ltr'>harum</span> 
     </span>
     <span class='ocr_line' id='line_1_32' title="bbox 217 3875 1480 3962; baseline -0.006 -18"><span class='ocrx_word' id='word_1_269' title='bbox 217 3882 453 3944; x_wconf 90' lang='lat' dir='ltr'>exhibicionem</span> <span class='ocrx_word' id='word_1_270' title='bbox 468 3879 621 3961; x_wconf 88' lang='lat' dir='ltr'>Zagrabie</span> <span class='ocrx_word' id='word_1_271' title='bbox 639 3880 786 3962; x_wconf 89' lang='lat' dir='ltr'>primitus</span> <span class='ocrx_word' id='word_1_272' title='bbox 802 3877 1002 3957; x_wconf 90' lang='lat' dir='ltr'>celebrande,</span> <span class='ocrx_word' id='word_1_273' title='bbox 1020 3877 1161 3960; x_wconf 89' lang='lat' dir='ltr'>partibus</span> <span class='ocrx_word' id='word_1_274' title='bbox 1176 3875 1358 3959; x_wconf 89' lang='lat' dir='ltr'>prescriptis</span> <span class='ocrx_word' id='word_1_275' title='bbox 1373 3895 1480 3938; x_wconf 90' lang='lat' dir='ltr'>coram</span> 
     </span>
     <span class='ocr_line' id='line_1_33' title="bbox 216 3983 1481 4068; baseline -0.005 -18"><span class='ocrx_word' id='word_1_276' title='bbox 216 3989 307 4050; x_wconf 90' lang='lat' dir='ltr'>vobis</span> <span class='ocrx_word' id='word_1_277' title='bbox 338 3988 469 4066; x_wconf 89' lang='lat' dir='ltr'>vocatis,</span> <span class='ocrx_word' id='word_1_278' title='bbox 494 3987 603 4068; x_wconf 90' lang='lat' dir='ltr'>ibique</span> <span class='ocrx_word' id='word_1_279' title='bbox 636 3985 753 4048; x_wconf 89' lang='lat' dir='ltr'>auditis</span> <span class='ocrx_word' id='word_1_280' title='bbox 783 3984 958 4047; x_wconf 89' lang='lat' dir='ltr'>earundem</span> <span class='ocrx_word' id='word_1_281' title='bbox 992 3998 1201 4064; x_wconf 90' lang='lat' dir='ltr'>utrarumque</span> <span class='ocrx_word' id='word_1_282' title='bbox 1233 3983 1375 4065; x_wconf 88' lang='lat' dir='ltr'>parcium</span> <span class='ocrx_word' id='word_1_283' title='bbox 1408 4002 1481 4064; x_wconf 92' lang='lat' dir='ltr'>pro·</span> 
     </span>
     <span class='ocr_line' id='line_1_34' title="bbox 216 4088 1482 4177; baseline -0.006 -21"><span class='ocrx_word' id='word_1_284' title='bbox 216 4094 447 4177; x_wconf 88' lang='lat' dir='ltr'>posicionibus,</span> <span class='ocrx_word' id='word_1_285' title='bbox 471 4093 723 4173; x_wconf 89' lang='lat' dir='ltr'>allegacionibus</span> <span class='ocrx_word' id='word_1_286' title='bbox 754 4103 784 4152; x_wconf 93' lang='lat' dir='ltr'>et</span> <span class='ocrx_word' id='word_1_287' title='bbox 816 4091 986 4173; x_wconf 90' lang='lat' dir='ltr'>responsis,</span> <span class='ocrx_word' id='word_1_288' title='bbox 1013 4089 1159 4152; x_wconf 90' lang='lat' dir='ltr'>admissis</span> <span class='ocrx_word' id='word_1_289' title='bbox 1190 4090 1290 4151; x_wconf 90' lang='lat' dir='ltr'>eciam</span> <span class='ocrx_word' id='word_1_290' title='bbox 1316 4088 1482 4170; x_wconf 89' lang='lat' dir='ltr'>quibusvis</span> 
     </span>
     <span class='ocr_line' id='line_1_35' title="bbox 217 4193 1483 4282; baseline -0.006 -21"><span class='ocrx_word' id='word_1_291' title='bbox 217 4199 440 4282; x_wconf 90' lang='lat' dir='ltr'>probabilibus</span> <span class='ocrx_word' id='word_1_292' title='bbox 463 4211 494 4260; x_wconf 91' lang='lat' dir='ltr'>et</span> <span class='ocrx_word' id='word_1_293' title='bbox 518 4197 682 4279; x_wconf 90' lang='lat' dir='ltr'>legittimis</span> <span class='ocrx_word' id='word_1_294' title='bbox 706 4197 908 4258; x_wconf 90' lang='lat' dir='ltr'>documentis</span> <span class='ocrx_word' id='word_1_295' title='bbox 925 4195 1109 4257; x_wconf 90' lang='lat' dir='ltr'>earumdem</span> <span class='ocrx_word' id='word_1_296' title='bbox 1128 4195 1283 4276; x_wconf 90' lang='lat' dir='ltr'>parcium,</span> <span class='ocrx_word' id='word_1_297' title='bbox 1299 4207 1404 4276; x_wconf 89' lang='lat' dir='ltr'>partes</span> <span class='ocrx_word' id='word_1_298' title='bbox 1424 4193 1483 4256; x_wconf 90' lang='lat' dir='ltr'>iter</span> 
     </span>
     <span class='ocr_line' id='line_1_36' title="bbox 218 4300 1482 4384; baseline -0.007 -15"><span class='ocrx_word' id='word_1_299' title='bbox 218 4307 347 4368; x_wconf 91' lang='lat' dir='ltr'>easdem</span> <span class='ocrx_word' id='word_1_300' title='bbox 381 4306 503 4366; x_wconf 94' lang='lat' dir='ltr'>bonum</span> <span class='ocrx_word' id='word_1_301' title='bbox 535 4317 564 4365; x_wconf 88' lang='lat' dir='ltr'>et</span> <span class='ocrx_word' id='word_1_302' title='bbox 597 4316 717 4364; x_wconf 90' lang='lat' dir='ltr'>rectum</span> <span class='ocrx_word' id='word_1_303' title='bbox 749 4301 902 4384; x_wconf 82' lang='lat' dir='ltr'>judicium</span> <span class='ocrx_word' id='word_1_304' title='bbox 932 4316 962 4362; x_wconf 89' lang='lat' dir='ltr'>et</span> <span class='ocrx_word' id='word_1_305' title='bbox 984 4301 1142 4382; x_wconf 88' lang='lat' dir='ltr'>justiciam</span> <span class='ocrx_word' id='word_1_306' title='bbox 1167 4300 1268 4362; x_wconf 87' lang='lat' dir='ltr'>lacere</span> <span class='ocrx_word' id='word_1_307' title='bbox 1292 4314 1323 4361; x_wconf 89' lang='lat' dir='ltr'>et</span> <span class='ocrx_word' id='word_1_308' title='bbox 1346 4300 1482 4362; x_wconf 90' lang='lat' dir='ltr'>admini-</span> 
     </span>
     <span class='ocr_line' id='line_1_37' title="bbox 218 4406 1483 4491; baseline -0.005 -17"><span class='ocrx_word' id='word_1_309' title='bbox 218 4427 316 4474; x_wconf 91' lang='lat' dir='ltr'>strare</span> <span class='ocrx_word' id='word_1_310' title='bbox 341 4432 376 4473; x_wconf 91' lang='lat' dir='ltr'>ac</span> <span class='ocrx_word' id='word_1_311' title='bbox 396 4411 526 4472; x_wconf 86' lang='lat' dir='ltr'>tandem</span> <span class='ocrx_word' id='word_1_312' title='bbox 544 4409 698 4491; x_wconf 92' lang='lat' dir='ltr'>quicquid</span> <span class='ocrx_word' id='word_1_313' title='bbox 716 4409 892 4490; x_wconf 90' lang='lat' dir='ltr'>judicantes</span> <span class='ocrx_word' id='word_1_314' title='bbox 909 4408 1114 4470; x_wconf 89' lang='lat' dir='ltr'>decerneritis</span> <span class='ocrx_word' id='word_1_315' title='bbox 1130 4408 1230 4468; x_wconf 90' lang='lat' dir='ltr'>eciam</span> <span class='ocrx_word' id='word_1_316' title='bbox 1248 4406 1354 4468; x_wconf 89' lang='lat' dir='ltr'>debite</span> <span class='ocrx_word' id='word_1_317' title='bbox 1371 4425 1483 4468; x_wconf 90' lang='lat' dir='ltr'>execu-</span> 
     </span>
     <span class='ocr_line' id='line_1_38' title="bbox 219 4513 1484 4596; baseline -0.006 -16"><span class='ocrx_word' id='word_1_318' title='bbox 219 4520 303 4581; x_wconf 91' lang='lat' dir='ltr'>cioni</span> <span class='ocrx_word' id='word_1_319' title='bbox 329 4517 515 4580; x_wconf 88' lang='lat' dir='ltr'>demandari</span> <span class='ocrx_word' id='word_1_320' title='bbox 542 4515 643 4578; x_wconf 87' lang='lat' dir='ltr'>lacere</span> <span class='ocrx_word' id='word_1_321' title='bbox 666 4515 817 4578; x_wconf 87' lang='lat' dir='ltr'>debeatis.</span> <span class='ocrx_word' id='word_1_322' title='bbox 836 4514 1098 4576; x_wconf 88' lang='lat' dir='ltr'>Contradictione</span> <span class='ocrx_word' id='word_1_323' title='bbox 1121 4513 1263 4596; x_wconf 88' lang='lat' dir='ltr'>parcium</span> <span class='ocrx_word' id='word_1_324' title='bbox 1281 4513 1484 4574; x_wconf 90' lang='lat' dir='ltr'>sibimitenus</span> 
     </span>
     <span class='ocr_line' id='line_1_39' title="bbox 219 4618 1483 4707; baseline -0.007 -20"><span class='ocrx_word' id='word_1_325' title='bbox 219 4627 249 4687; x_wconf 94' lang='lat' dir='ltr'>in</span> <span class='ocrx_word' id='word_1_326' title='bbox 282 4623 341 4686; x_wconf 92' lang='lat' dir='ltr'>hac</span> <span class='ocrx_word' id='word_1_327' title='bbox 365 4639 452 4707; x_wconf 88' lang='lat' dir='ltr'>parte</span> <span class='ocrx_word' id='word_1_328' title='bbox 476 4624 606 4684; x_wconf 90' lang='lat' dir='ltr'>obviare</span> <span class='ocrx_word' id='word_1_329' title='bbox 630 4641 694 4683; x_wconf 91' lang='lat' dir='ltr'>non</span> <span class='ocrx_word' id='word_1_330' title='bbox 720 4621 856 4699; x_wconf 90' lang='lat' dir='ltr'>valente,</span> <span class='ocrx_word' id='word_1_331' title='bbox 880 4621 1066 4682; x_wconf 90' lang='lat' dir='ltr'>auctoritate</span> <span class='ocrx_word' id='word_1_332' title='bbox 1091 4633 1197 4681; x_wconf 88' lang='lat' dir='ltr'>nostra</span> <span class='ocrx_word' id='word_1_333' title='bbox 1222 4619 1308 4700; x_wconf 89' lang='lat' dir='ltr'>regia</span> <span class='ocrx_word' id='word_1_334' title='bbox 1332 4618 1425 4680; x_wconf 91' lang='lat' dir='ltr'>vobis</span> <span class='ocrx_word' id='word_1_335' title='bbox 1451 4619 1483 4678; x_wconf 93' lang='lat' dir='ltr'>in</span> 
     </span>
     <span class='ocr_line' id='line_1_40' title="bbox 220 4722 1484 4813; baseline -0.007 -20"><span class='ocrx_word' id='word_1_336' title='bbox 220 4731 278 4793; x_wconf 90' lang='lat' dir='ltr'>hac</span> <span class='ocrx_word' id='word_1_337' title='bbox 302 4745 391 4813; x_wconf 89' lang='lat' dir='ltr'>parte</span> <span class='ocrx_word' id='word_1_338' title='bbox 418 4731 578 4808; x_wconf 88' lang='lat' dir='ltr'>attributa,</span> <span class='ocrx_word' id='word_1_339' title='bbox 600 4729 732 4810; x_wconf 80' lang='lat' dir='ltr'>jureque</span> <span class='ocrx_word' id='word_1_340' title='bbox 757 4741 787 4788; x_wconf 93' lang='lat' dir='ltr'>et</span> <span class='ocrx_word' id='word_1_341' title='bbox 807 4727 930 4807; x_wconf 78' lang='lat' dir='ltr'>justicia</span> <span class='ocrx_word' id='word_1_342' title='bbox 952 4726 1123 4788; x_wconf 90' lang='lat' dir='ltr'>mediante.</span> <span class='ocrx_word' id='word_1_343' title='bbox 1150 4725 1247 4787; x_wconf 91' lang='lat' dir='ltr'>Secus</span> <span class='ocrx_word' id='word_1_344' title='bbox 1271 4745 1335 4786; x_wconf 92' lang='lat' dir='ltr'>non</span> <span class='ocrx_word' id='word_1_345' title='bbox 1361 4722 1484 4785; x_wconf 91' lang='lat' dir='ltr'>lacturi.</span> 
     </span>
     <span class='ocr_line' id='line_1_41' title="bbox 222 4829 1485 4918; baseline -0.007 -19"><span class='ocrx_word' id='word_1_346' title='bbox 222 4837 425 4899; x_wconf 74' lang='lat' dir='ltr'>presentibus</span> <span class='ocrx_word' id='word_1_347' title='bbox 457 4836 614 4918; x_wconf 88' lang='lat' dir='ltr'>perlectis,</span> <span class='ocrx_word' id='word_1_348' title='bbox 645 4834 807 4896; x_wconf 90' lang='lat' dir='ltr'>exhibenti</span> <span class='ocrx_word' id='word_1_349' title='bbox 839 4834 998 4896; x_wconf 89' lang='lat' dir='ltr'>restitutis.</span> <span class='ocrx_word' id='word_1_350' title='bbox 1025 4833 1142 4894; x_wconf 91' lang='lat' dir='ltr'>Datum</span> <span class='ocrx_word' id='word_1_351' title='bbox 1174 4831 1264 4893; x_wconf 90' lang='lat' dir='ltr'>Bude</span> <span class='ocrx_word' id='word_1_352' title='bbox 1298 4829 1375 4892; x_wconf 86' lang='lat' dir='ltr'>feria</span> <span class='ocrx_word' id='word_1_353' title='bbox 1399 4841 1485 4890; x_wconf 90' lang='lat' dir='ltr'>sexta</span> 
     </span>
     <span class='ocr_line' id='line_1_42' title="bbox 221 4933 1485 5025; baseline -0.008 -20"><span class='ocrx_word' id='word_1_354' title='bbox 221 4944 367 5025; x_wconf 91' lang='lat' dir='ltr'>proxima</span> <span class='ocrx_word' id='word_1_355' title='bbox 391 4958 461 5025; x_wconf 92' lang='lat' dir='ltr'>post</span> <span class='ocrx_word' id='word_1_356' title='bbox 485 4941 601 5004; x_wconf 83' lang='lat' dir='ltr'>festum</span> <span class='ocrx_word' id='word_1_357' title='bbox 626 4941 709 5002; x_wconf 89' lang='lat' dir='ltr'>beati</span> <span class='ocrx_word' id='word_1_358' title='bbox 735 4939 951 5002; x_wconf 89' lang='lat' dir='ltr'>Bartholomei</span> <span class='ocrx_word' id='word_1_359' title='bbox 977 4938 1124 5022; x_wconf 89' lang='lat' dir='ltr'>apostoli.</span> <span class='ocrx_word' id='word_1_360' title='bbox 1145 4941 1241 4999; x_wconf 80' lang='lat' dir='ltr'>Anno</span> <span class='ocrx_word' id='word_1_361' title='bbox 1266 4935 1389 4998; x_wconf 91' lang='lat' dir='ltr'>domini</span> <span class='ocrx_word' id='word_1_362' title='bbox 1414 4933 1485 4996; x_wconf 93' lang='lat' dir='ltr'>mil-</span> 
     </span>
     <span class='ocr_line' id='line_1_43' title="bbox 223 5042 1485 5130; baseline -0.007 -20"><span class='ocrx_word' id='word_1_363' title='bbox 223 5049 336 5110; x_wconf 90' lang='lat' dir='ltr'>lesimo</span> <span class='ocrx_word' id='word_1_364' title='bbox 354 5048 614 5130; x_wconf 84' lang='lat' dir='ltr'>quingentesimo</span> <span class='ocrx_word' id='word_1_365' title='bbox 631 5060 744 5128; x_wconf 91' lang='lat' dir='ltr'>quarto</span> <span class='ocrx_word' id='word_1_366' title='bbox 763 5047 899 5109; x_wconf 90' lang='lat' dir='ltr'>decimo.</span> <span class='ocrx_word' id='word_1_367' title='bbox 917 5047 1102 5127; x_wconf 88' lang='lat' dir='ltr'>Regnorum</span> <span class='ocrx_word' id='word_1_368' title='bbox 1125 5057 1306 5106; x_wconf 85' lang='lat' dir='ltr'>nostrorum</span> <span class='ocrx_word' id='word_1_369' title='bbox 1322 5042 1485 5122; x_wconf 88' lang='lat' dir='ltr'>Hungarie</span> 
     </span>
     <span class='ocr_line' id='line_1_44' title="bbox 222 5149 1415 5237; baseline -0.005 -21"><span class='ocrx_word' id='word_1_370' title='bbox 222 5169 280 5218; x_wconf 89' lang='lat' dir='ltr'>etc.</span> <span class='ocrx_word' id='word_1_371' title='bbox 304 5174 391 5216; x_wconf 90' lang='lat' dir='ltr'>anno</span> <span class='ocrx_word' id='word_1_372' title='bbox 413 5155 569 5237; x_wconf 88' lang='lat' dir='ltr'>vigesimo</span> <span class='ocrx_word' id='word_1_373' title='bbox 594 5155 718 5236; x_wconf 92' lang='lat' dir='ltr'>quinto,</span> <span class='ocrx_word' id='word_1_374' title='bbox 743 5153 896 5214; x_wconf 89' lang='lat' dir='ltr'>Bohemie</span> <span class='ocrx_word' id='word_1_375' title='bbox 922 5172 997 5214; x_wconf 90' lang='lat' dir='ltr'>vero</span> <span class='ocrx_word' id='word_1_376' title='bbox 1022 5150 1267 5232; x_wconf 88' lang='lat' dir='ltr'>quadragesimo</span> <span class='ocrx_word' id='word_1_377' title='bbox 1292 5149 1415 5230; x_wconf 90' lang='lat' dir='ltr'>quinto.</span> 
     </span>
    </p>
   </div>
   <div class='ocr_carea' id='block_1_4' title="bbox 0 0 1898 5802">
    <p class='ocr_par' dir='ltr' id='par_1_4' title="bbox 0 0 1898 5802">
     <span class='ocr_line' id='line_1_45' title="bbox 0 0 1898 5802; baseline 0 0"><span class='ocrx_word' id='word_1_378' title='bbox 0 0 1898 5802; x_wconf 95' lang='lat' dir='ltr'> </span> 
     </span>
    </p>
   </div>
  </div>
 </body>
</html>
