3752 5806
408 613 447 672 54
844 591 918 655 Doc,
929 601 984 664 52.
1010 621 1050 630 —
1067 588 1123 646 An.
1142 585 1233 663 1506.

405 819 700 899 consvetudineque
724 837 849 900 semper
873 831 904 878 et
927 818 967 878 ab
991 817 1125 897 antiquo
1145 830 1290 898 tempore
1307 817 1355 877 usi
1378 815 1497 878 fuerint
1514 831 1544 879 et
1560 816 1671 898 gavisi,

406 941 441 989 ut
464 928 524 1009 ipsi
548 927 621 986 vina
647 923 824 986 eorundem
842 924 874 984 in
891 923 1122 1005 promontoriis
1138 924 1282 1005 ipsorum
1300 936 1475 1004 procreata,
1491 925 1671 1003 cuicunque

407 1034 593 1110 voluissent,
625 1043 691 1092 tam
730 1029 877 1110 externis,
917 1048 1013 1110 quam
1053 1029 1156 1090 eciam
1194 1028 1376 1091 forensibus
1414 1029 1602 1090 bominibus
1641 1030 1671 1089 in

408 1138 574 1202 Carinthia
605 1135 881 1198 commorantibus
912 1133 1074 1196 vendendi
1102 1135 1237 1196 liberam
1262 1134 1447 1196 habuissent
1471 1133 1670 1210 facultatem3

407 1259 514 1307 tamen
539 1263 606 1322 vos,
631 1242 769 1303 nescitur
792 1260 931 1322 quorum
957 1239 1027 1302 lreti
1052 1241 1254 1319 authoritate,
1268 1261 1323 1323 per
1346 1242 1514 1323 publicum
1531 1241 1671 1303 edictum

409 1371 512 1432 nuper
535 1349 703 1432 publicari,
728 1347 985 1430 proclamarique
1013 1345 1175 1425 fecissetis,
1200 1361 1234 1410 ut
1258 1368 1354 1410 nemo
1379 1348 1509 1409 illorum
1534 1347 1573 1408 ab
1599 1348 1673 1428 ipsis

408 1457 643 1539 exponentibus
673 1468 727 1516 aut
759 1453 883 1516 colonis
913 1453 1091 1516 eorundem
1124 1455 1197 1515 vina
1232 1475 1289 1515 sua
1312 1454 1496 1515 huiusmodi
1522 1467 1673 1530 emerent,

409 1563 603 1626 contrarium
643 1559 834 1622 facientibus
869 1572 986 1620 certam
1023 1579 1139 1641 penam
1175 1559 1384 1640 infligendam
1420 1560 1607 1621 statuissetis
1642 1560 1673 1620 in

409 1669 587 1752 dampnum
627 1667 770 1748 ipsorum
812 1664 1028 1728 manifestum.
1071 1665 1318 1747 Supplicacione
1357 1666 1454 1747 igitur
1490 1686 1548 1748 pro
1585 1679 1672 1747 parte

410 1777 553 1858 ipsorum
577 1773 810 1854 exponencium
835 1772 929 1833 nobis
952 1771 1124 1853 superinde
1148 1771 1266 1850 oblata,
1289 1771 1329 1833 ad
1351 1772 1485 1852 plenum
1503 1772 1673 1850 intellecta,

410 1882 556 1943 nolentes
587 1879 717 1941 eosdem
751 1879 903 1956 indebite,
938 1898 974 1939 ac
1005 1879 1149 1959 precium
1180 1877 1298 1960 justum
1331 1879 1424 1939 vobis
1456 1877 1674 1960 dampnificari

410 1987 611 2070 permittere;
636 1986 709 2047 ideo
734 1985 885 2046 volumus
908 1997 940 2045 et
962 1984 1153 2046 mandamus
1177 1983 1322 2046 fidelitati
1347 1998 1450 2046 vestre
1466 1983 1581 2044 harum
1598 1957 1675 2044 se‘rie

411 2093 553 2170 firmiter,
579 2105 614 2153 ut
636 2092 774 2173 acceptis
797 2091 1008 2173 presentibus,
1025 2090 1144 2152 amodo
1169 2089 1331 2172 deinceps,
1356 2090 1459 2152 dictos
1481 2103 1676 2172 exponentes

412 2213 442 2262 et
467 2200 655 2280 jobagiones
688 2198 865 2260 eorundem
890 2210 999 2258 contra
1023 2197 1188 2278 antiquam
1214 2197 1394 2258 libertatem
1419 2197 1562 2278 ipsorum
1587 2195 1676 2256 nullo

412 2306 511 2367 modo
543 2304 699 2386 impedire
735 2317 789 2364 aut
822 2301 1050 2384 dampnificare
1082 2303 1282 2384 presumatis,
1311 2303 1366 2363 sed
1400 2301 1676 2384 quemadmodum

412 2413 565 2473 hactenus
596 2411 638 2471 ita
663 2411 765 2471 eciam
796 2409 948 2490 deinceps
970 2421 1110 2491 pretacta
1143 2409 1217 2470 vina
1242 2409 1396 2490 ipsorum,
1421 2409 1677 2488 colonorumque

413 2516 612 2594 eorumdem,
631 2515 798 2596 quibusvis
821 2514 1001 2593 hominum,
1021 2527 1085 2575 tam
1107 2514 1228 2575 scilicet
1244 2515 1276 2575 in
1294 2515 1459 2576 Carinthia
1476 2532 1677 2575 commoran-

412 2625 507 2701 tibus,
532 2641 628 2704 quam
662 2621 732 2683 aliis
763 2621 881 2702 quibus
912 2633 1062 2702 poterunt
1093 2641 1129 2682 ac
1153 2620 1317 2699 valebunt,
1342 2620 1464 2682 eisdem
1487 2619 1585 2681 vendi
1609 2638 1677 2700 per-

413 2730 538 2792 mittere
570 2741 601 2790 et
633 2727 773 2810 permitti
805 2727 918 2806 lacere,
950 2747 1055 2808 neque
1087 2727 1217 2788 eosdem
1249 2727 1364 2808 quovis
1395 2727 1494 2788 modo
1529 2725 1677 2786 cohibere

413 2836 464 2898 vel
489 2849 649 2916 emptores
669 2835 812 2915 ipsorum
830 2833 999 2894 molestare
1016 2833 1170 2895 audeatis.
1189 2833 1288 2894 Secus
1304 2833 1393 2894 nulla
1410 2834 1538 2894 racione
1556 2831 1677 2892 facturi.

414 2941 617 3002 presentibus
648 2939 805 3021 perlectis,
828 2939 1052 3000 exhibentibus
1084 2939 1245 3000 restitutis.
1279 2939 1397 3000 Datum
1426 2938 1516 3000 Bude
1541 2938 1573 2998 in
1599 2937 1677 2998 festo

414 3047 498 3108 beati
523 3045 642 3106 Mathei
666 3045 803 3127 apostoli
828 3057 858 3106 et
882 3045 1088 3126 evangeliste.
1113 3049 1209 3106 Anno
1234 3045 1365 3107 Domini
1395 3045 1570 3106 millesimo
1587 3043 1679 3125 quin-

364 3157 367 3162 '
414 3153 592 3234 gentesimo
615 3165 714 3212 sexto,

521 3273 627 3326 Summa
652 3271 852 3338 privilegiorum
879 3273 1032 3324 monasterii
1058 3271 1225 3325 Remetensis
1245 3271 1319 3326 MSC.
1343 3270 1372 3323 ln
1393 3273 1486 3324 arohiv.
1507 3272 1569 3324 incl.
1586 3273 1671 3322 Accad

415 3362 513 3414 Scieut.
534 3361 681 3414 Slavorum.
701 3362 793 3412 meriti.
813 3359 846 3414 ll.
867 3363 894 3412 C.
915 3364 954 3412 l3.

1010 3610 1068 3674 52.

520 3751 594 3800 Anno
617 3751 691 3814 1506,
715 3751 753 3801 19.
775 3749 935 3802 novembris.
955 3751 1052 3800 Budae.

425 3877 600 3946 Vladislaus,
632 3878 789 3949 Hungarr'e
820 3886 867 3934 etc.
898 3897 960 3950 rex,
985 3875 1184 3934 communitati
1213 3877 1336 3934 civitatis
1366 3876 1494 3945 nrandat,
1516 3885 1550 3933 ut
1578 3878 1682 3934 tricesi-

416 3991 539 4039 matorcs
555 3985 648 4056 regios
662 3991 761 4040 contra
778 3984 971 4052 insectatores,
978 3983 1134 4055 praecipue
1145 3989 1250 4040 contra
1263 3980 1400 4040 altanum
1416 3984 1521 4039 danum
1536 3983 1681 4057 defindat.

1105 4101 1264 4153 Commissio
1284 4101 1393 4166 propria
1413 4101 1510 4153 domini
1532 4103 1612 4166 regis.

524 4211 720 4271 Wladislaus
744 4209 795 4269 dei
819 4209 925 4289 gracia
949 4229 1002 4270 rex
1029 4209 1194 4289 Hungarie
1211 4222 1242 4270 et
1259 4208 1414 4270 Bohemie
1432 4221 1489 4271 etc.
1507 4209 1685 4270 Prudentes

418 4331 448 4378 et
471 4317 702 4398 circumspecti,
727 4314 837 4376 fideles
865 4315 958 4376 nobis
982 4314 1100 4376 dilecti.
1133 4314 1351 4376 lntelleximus
1375 4313 1542 4395 quomodo
1565 4315 1684 4376 tricesi-

418 4436 556 4483 matores
587 4421 694 4482 nostri
708 4419 784 4483 'illie
816 4421 847 4481 in
877 4420 1109 4482 medio'vestri
1138 4420 1312 4498 constituti,
1337 4441 1354 4480 a
1379 4417 1550 4500 magnifico
1576 4421 1695 4481 Marco·

420 4527 575 4588 Horwath
609 4527 648 4587 de
683 4527 897 4608 'Kamychacm
921 4545 1095 4606 regnorum
1127 4539 1309 4586 nostrorum
1343 4525 1519 4603 Dalmacie,
1549 4525 1685 4588 Croacie

419 4645 450 4693 et
474 4632 642 4694 Sclavonie
667 4633 762 4712 ban0,
776 4632 961 4693 hominibus
985 4645 1015 4692 et
1032 4630 1243 4692 familiaribus
1266 4632 1342 4710 suis,
1364 4631 1445 4693 adeo
1470 4632 1684 4709 turbarentur,

420 4750 454 4798 ut
476 4737 662 4799 huiusmodi
679 4739 889 4819 proventibus
905 4738 1021 4798 nostris
1037 4737 1282 4798 tricesimalibus
1299 4737 1363 4798 iam
1380 4737 1557 4798 maximum
1574 4737 1686 4819 damp-

421 4861 497 4904 num
531 4844 780 4926 suscepissemus
804 4845 834 4905 in
861 4844 993 4925 diesque
1018 4843 1261 4924 susceperimus.
1290 4844 1331 4904 Et
1355 4844 1431 4924 quia
1455 4843 1609 4905 nolumus
1632 4863 1688 4925 per

421 4948 606 5028 quempiam
629 4950 864 5030 regnicolarum
889 4964 1072 5012 nostrorum
1093 4950 1125 5010 in
1142 4947 1327 5011 huiusmodi
1345 4949 1556 5031 proventibus
1572 4949 1688 5011 nostris

421 5053 598 5136 dampnum
621 5055 696 5138 pati,
721 5056 793 5117 ideo
817 5056 961 5118 fidelitati
980 5070 1082 5118 vestre
1098 5055 1212 5118 harum
1229 5056 1309 5117 serie
1326 5055 1459 5116 firmiter
1475 5055 1688 5137 precipientes
