3808 5792
631 547 704 607 Doc.
728 559 803 626 199.
825 580 868 590 -
892 547 950 605 An.
974 543 1061 620 1526.
1418 563 1480 626 247

214 773 254 836 ad
277 787 466 836 structuram
491 773 573 834 muri
611 771 731 854 prefate
767 771 903 833 civitatis
940 784 1046 833 nostre
1082 770 1302 851 expenderunt
1337 773 1480 834 exhausti

214 899 280 940 esse
315 880 470 940 dicantur.
502 879 695 940 Mandamus
726 878 833 959 itaque
868 877 1075 940 fidelitatibus
1107 877 1219 938 vestris
1253 877 1365 940 harum
1401 879 1480 940 serie

212 983 391 1046 firmissime
426 984 576 1066 quatinus
617 982 736 1046 amodo
771 984 991 1065 imposterum,
1036 984 1130 1043 rebus
1166 983 1210 1044 sic
1254 997 1288 1045 ut
1322 983 1479 1067 prefertur

214 1091 371 1152 stantibus
394 1103 481 1153 etse
506 1090 698 1152 habentibus
721 1089 761 1150 ab
784 1089 1022 1151 introductione
1046 1088 1232 1149 huiusmodi
1258 1088 1433 1152 forensium
1451 1105 1482 1152 et

213 1211 440 1262 extraneorum
464 1197 646 1258 institorum
671 1207 702 1257 et
725 1209 939 1256 mercatorum
972 1215 1030 1256 nec
1055 1214 1119 1255 non
1145 1214 1162 1255 a
1186 1195 1351 1258 locacione
1379 1197 1480 1259 eciam

215 1302 336 1364 eisdem
362 1303 558 1364 testudinum
585 1315 615 1364 et
640 1301 823 1363 boltharum
856 1313 1031 1362 vestrarum
1066 1301 1202 1362 omnino
1233 1300 1394 1381 desistere,
1425 1303 1480 1365 sed

214 1408 344 1470 eosdem
369 1423 565 1490 exponentes
591 1407 622 1468 in
656 1426 769 1468 eorum
803 1405 1012 1489 prerogativis
1044 1419 1075 1467 et
1106 1406 1246 1487 antiquis
1280 1407 1480 1470 libertatibus

214 1515 335 1595 absque
359 1514 447 1575 omni
472 1513 705 1596 impedimento
730 1525 761 1572 et
784 1511 1014 1574 molestacione
1038 1511 1145 1572 vivere
1177 1513 1359 1594 permittere
1384 1513 1479 1576 debe-

214 1621 273 1682 atis
296 1633 327 1681 et
350 1620 542 1696 teneamini;
567 1639 641 1680 nam
666 1618 811 1699 alioquin
845 1619 920 1680 certi
945 1619 1022 1696 sitis,
1054 1617 1143 1699 quod
1175 1618 1260 1700 ipsos
1293 1619 1324 1680 in
1358 1619 1480 1700 juribus

214 1745 325 1787 eorum
349 1739 413 1786 tam
438 1737 547 1786 contra
572 1743 629 1785 vos
653 1744 749 1805 quam
775 1724 855 1785 alios
880 1723 981 1785 eciam
1014 1723 1201 1804 illegitimos
1225 1725 1403 1786 turbatores
1426 1745 1480 1787 cu·

215 1832 356 1893 rabimus
388 1831 493 1891 modis
528 1831 680 1892 omnibus
715 1829 887 1892 defendere
923 1844 954 1891 et
986 1843 1204 1891 manutenere.
1239 1831 1337 1892 Secus
1373 1831 1480 1913 itaque

215 1936 321 1998 lacere
355 1955 420 1996 non
456 1936 691 2019 presummatis.
716 1936 921 1997 Presentibus
944 1935 1103 2018 perlectis,
1131 1935 1292 1998 exhibenti
1318 1937 1479 2000 restitutis.

214 2042 333 2104 Datum
357 2041 447 2103 Bude
471 2043 604 2104 sabbato
629 2041 660 2102 in
685 2041 827 2124 profesto
852 2042 1025 2103 nativitatis
1049 2041 1132 2102 beati
1165 2042 1297 2103 loannis
1330 2043 1475 2124 baptiste.

214 2153 310 2210 Anno
334 2147 459 2208 domini
483 2148 657 2210 millesimo
682 2147 943 2228 quingentesimo
967 2147 1124 2228 vigesimo
1148 2160 1247 2209 sext0.

323 2286 460 2353 originale
480 2288 505 2338 in
525 2287 623 2338 charta.
644 2286 671 2336 ln
690 2287 810 2350 margine
830 2287 948 2338 interiori
963 2287 1121 2350 impressum
1141 2291 1183 2337 est
1197 2285 1322 2352 sigilium.
1343 2285 1370 2336 ln
1384 2286 1480 2339 archiv.

212 2391 272 2427 ven.
292 2375 380 2440 Capit.
401 2377 465 2429 ecci.
485 2375 592 2440 zagrab.

806 2656 892 2723 199.

317 2825 393 2876 Anno
414 2823 491 2875 1526.
512 2825 552 2874 23.
571 2823 645 2888 junii.
671 2823 767 2874 Budae.

211 2980 240 3035 A
262 2977 409 3034 Ludovico
435 2977 489 3051 ll,
514 2977 617 3048 Hung.
641 2985 689 3037 rtc.
713 2995 789 3050 rege,
807 2984 992 3050 prorogatur
1012 2977 1071 3032 dies
1093 2977 1137 3032 ad
1162 2976 1365 3034 deremendum
1389 2976 1477 3054 litem,

210 3103 265 3159 que
287 3087 366 3142 inter
386 3083 617 3140 communitatem
640 3083 769 3141 civitatis
792 3091 820 3140 et
841 3082 1022 3156 Stephanum
1047 3084 1191 3140 Deethasi
1211 3083 1247 3141 de
1268 3085 1430 3144 I'etrovina
1454 3093 1482 3143 et

691 3169 877 3263 Silj'rrkovina
900 3191 1007 3263 agitur.

868 3327 1026 3378 Commissio
1047 3328 1156 3392 propria
1176 3327 1273 3379 domini
1294 3329 1373 3394 regis.

320 3419 505 3480 Ludouicus
531 3417 582 3478 dei
606 3415 712 3497 gracia
737 3435 791 3476 rex
817 3417 983 3498 Hungarie
1001 3431 1031 3478 et
1049 3417 1203 3478 Bohemie
1228 3431 1286 3480 etc.
1313 3418 1478 3480 Fidelibus

211 3527 329 3588 nostris
352 3523 516 3606 spectabili
541 3536 571 3585 et
595 3521 773 3603 magnificis
797 3521 961 3604 Stephano
986 3523 1025 3584 de
1050 3521 1168 3584 Bathor
1201 3523 1343 3604 palatino
1376 3537 1406 3584 et
1431 3523 1477 3605 ju-

211 3633 274 3694 dici
299 3631 521 3693 Cumanorum
546 3650 582 3690 ac
606 3628 722 3690 loanni
747 3627 901 3710 Draghffy
918 3628 957 3689 de
983 3629 1115 3690 Belthek
1133 3629 1232 3711 judici
1257 3630 1344 3692 curie
1361 3643 1478 3708 nostre,

210 3757 337 3800 necnon
362 3735 498 3818 egregiis
522 3715 674 3816 magistro
699 3733 835 3795 Nicolao
859 3734 898 3795 de
932 3735 1071 3796 Thwrso
1105 3735 1282 3817 personalis
1315 3736 1477 3818 presencie

211 3857 318 3906 nostre
344 3843 375 3904 in
400 3841 538 3924 judiciis·
560 3840 803 3919 locumtenenti,
829 3841 1004 3921 ceterisque
1036 3841 1195 3922 magistris
1226 3840 1477 3922 prothonotariis

210 3950 298 4012 curie
323 3961 353 4010 et
377 3948 461 4009 sedis
485 3961 591 4009 nostre
615 3945 781 4027 judiciarie
794 3947 1016 4024 assessoribus,
1029 3959 1192 4028 presentes
1208 3959 1331 4008 nostras
1348 3947 1473 4025 visuris,

209 4057 346 4118 salutem
371 4068 401 4115 et
423 4054 574 4135 graciam.
600 4052 764 4126 Quoniam
789 4073 847 4114 nos
871 4052 960 4113 illam
992 4072 1132 4132 causam,
1164 4072 1225 4133 que
1258 4053 1476 4134 superioribus

210 4162 304 4224 annis
328 4161 410 4222 inter
432 4159 543 4221 fideles
574 4171 699 4220 nostros
730 4159 902 4240 prudentes
935 4173 966 4220 et
996 4159 1243 4241 circumspectos
1274 4158 1413 4240 judicem
1447 4173 1478 4221 et

210 4267 341 4351 juratos,
358 4278 543 4346 ceterosque
568 4265 652 4326 cives
675 4277 706 4326 et
730 4265 850 4326 incolas
875 4265 1010 4326 civitatis
1034 4277 1140 4326 nostre
1165 4265 1284 4325 montis
1309 4263 1478 4326 Grecensis

210 4387 245 4435 ut
269 4387 391 4434 actores
414 4385 445 4432 et
468 4371 660 4453 principales
684 4371 723 4432 ab
748 4391 823 4450 una,
841 4391 877 4432 ac
901 4371 1067 4452 egregium
1093 4369 1290 4451 Stephanum
1316 4369 1477 4431 Deeshaza

210 4479 300 4540 velut
323 4479 355 4539 in
380 4497 507 4538 causam
531 4491 699 4538 attractum
716 4478 756 4537 ab
773 4477 834 4537 alia
852 4477 1006 4559 partibus,
1023 4495 1130 4538 coram
1145 4476 1297 4557 magistro
1315 4477 1477 4558 Stephano

210 4585 250 4646 de
274 4571 465 4645 W'erbewcz
489 4597 564 4644 tunc
589 4583 826 4644 locumtenente
851 4583 1028 4664 personalis
1045 4581 1208 4664 presencie
1226 4595 1331 4643 nostre
1350 4583 1476 4644 racione

210 4704 370 4752 certorum
395 4690 604 4770 negociorum
630 4701 660 4749 et
684 4687 940 4750 differenciarum
965 4705 1052 4750 mota
1081 4687 1192 4749 fuisset
1216 4701 1247 4748 et
1271 4689 1421 4750 ventilata
1446 4701 1477 4750 et

210 4795 316 4858 adhuc
339 4796 493 4877 penderet
528 4795 679 4873 indecisa,
703 4815 776 4856 cum
810 4809 977 4877 propterea
1009 4795 1097 4876 quod
1130 4795 1276 4855 universe
1310 4793 1413 4855 littere
1446 4807 1476 4854 et

211 4901 360 4963 litteralia
384 4902 594 4963 instrumenta
627 4899 823 4982 prefatorum
856 4902 974 4962 civium
1006 4913 1188 4961 nostrorum
1220 4899 1259 4960 ad
1290 4899 1476 4960 huiusmodi

212 5027 339 5073 causam
364 5021 541 5094 spectantes
565 5019 595 5072 et
620 5005 812 5092 pertinentia
836 5007 921 5092 apud
946 5025 1059 5072 manus
1084 5006 1182 5092 ipsius
1205 5004 1358 5088 Stephani
1382 5003 1476 5068 Wer-
