3732 5802
632 563 705 623 Doc.
729 575 794 639 131.
819 595 861 606 -
883 563 942 621 Αη.
965 559 1053 637 1516.
1397 563 1452 643 165

204 667 325 674 ᾖ...
348 669 433 674 -..-...
459 669 469 674 -
961 669 1168 676 ...--—-—---—.
1186 671 1341 676 ———.-
1357 671 1455 678 ὑ...-

188 789 349 851 mandatis
372 803 403 852 et
426 790 666 852 monicionibus
689 789 805 853 nostris
830 790 931 852 immo
956 789 1061 851 verius
1078 790 1263 871 apostolicis
1278 811 1344 854 non
1361 811 1454 875 paru-

187 895 274 957 eritis
296 915 353 958 seu
376 897 518 977 paruerit
541 915 615 960 cum
640 895 764 976 ellectu,
788 909 843 958 aut
866 895 989 977 aliquid
1013 896 1045 958 in
1071 897 1282 960 contrarirum
1307 896 1455 977 feceritis,

187 999 321 1064 fecerint
342 1021 399 1064 seu
423 1001 534 1064 lecerit
557 1001 793 1084 quoquomodo
817 1001 945 1084 publice
970 1001 1020 1062 vel
1045 1002 1180 1078 occulte,
1205 1023 1264 1064 nos
1287 1004 1319 1065 in
1344 1023 1401 1065 vos
1425 1017 1456 1066 et

189 1126 243 1170 eos
266 1127 303 1170 ac
328 1121 513 1171 vestrumst
537 1109 841 1191 eorumquemlibet
864 1127 990 1170 necnon
1022 1108 1271 1172 contradictores
1294 1109 1456 1191 quoslibet

188 1228 218 1274 et
240 1214 377 1276 rebelles
400 1235 524 1277 exnunc
540 1230 636 1298 prout
652 1227 767 1277 extunc
780 1228 811 1276 et
828 1234 844 1276 e
862 1233 1017 1276 converso
1042 1215 1245 1296 singulariter
1262 1216 1294 1277 in
1311 1216 1456 1297 singulos

188 1320 280 1381 dictis
303 1321 467 1382 canonicis
490 1321 729 1383 municionibus
753 1320 927 1403 premissis,
945 1321 1302 1401 excommunicacionis,
1320 1322 1352 1384 in
1370 1323 1455 1404 capi·

187 1426 254 1488 tula
292 1446 380 1506 vero,
419 1427 567 1510 collegia,
602 1440 789 1506 conventus,
829 1446 1022 1509 quecunque
1064 1427 1097 1488 in
1136 1427 1197 1490 hiis
1233 1427 1457 1510 delinquentes

187 1534 432 1615 suspensionem
456 1553 474 1596 a
498 1533 617 1595 divinis
640 1547 671 1595 et
693 1533 725 1595 in
751 1534 897 1616 ipsorum
921 1533 1185 1614 delinquentium
1209 1534 1369 1614 ecclesias,
1386 1553 1455 1597 mo·

188 1639 324 1701 nasteria
348 1652 378 1701 et
402 1639 541 1721 capellas
564 1639 723 1702 interdicti
748 1639 953 1702 ecclesiastici
978 1640 1155 1704 sentencias
1179 1639 1310 1702 ferimus
1340 1641 1373 1702 in
1395 1639 1456 1702 hiis

186 1745 310 1827 scriptis
333 1757 364 1806 et
387 1744 488 1806 eciam
512 1746 772 1827 promulgamus;
797 1745 929 1808 demum
953 1766 1028 1808 vero
1053 1747 1306 1828 requisicionum
1330 1760 1361 1808 et
1384 1765 1453 1808 mo-

188 1850 353 1912 nicionum
378 1863 555 1913 vestrarum
578 1851 764 1914 huiusmodi
789 1865 885 1935 atque
910 1851 1047 1914 formam
1068 1865 1099 1914 et
1115 1865 1234 1934 quanta
1258 1851 1337 1914 fides
1361 1852 1454 1914 dictis

188 1957 276 2035 actis,
301 1957 424 2038 juribus
447 1969 479 2019 et
501 1958 710 2020 munimentis
733 1957 829 2020 luerit
852 1958 1036 2021 adhibenda
1053 1971 1084 2021 et
1100 1958 1249 2041 quitquid
1274 1960 1306 2021 in
1323 1959 1456 2042 premis-

187 2063 229 2124 sis
253 2062 391 2126 feceritis
412 2064 506 2126 nobis
529 2064 643 2125 exinde
668 2065 858 2128 rescribatis.
883 2065 1137 2128 Absolutionem
1160 2085 1237 2128 vero
1260 2065 1407 2128 omnium
1425 2077 1457 2126 et

188 2169 402 2252 singulorum,
427 2171 482 2252 qui
496 2168 652 2252 prefatam
673 2183 815 2234 nostram
833 2172 1180 2234 excommunicacionis
1195 2171 1391 2234 sentenciam
1409 2171 1456 2232 in-

189 2276 346 2338 currerint
368 2275 435 2338 sive
466 2277 635 2338 incurrerit
669 2277 904 2360 quoquomodo
943 2277 1037 2340 nobis
1071 2278 1122 2339 vel
1155 2277 1310 2360 superiori
1347 2291 1457 2338 nostro

188 2381 380 2444 tantumodo
404 2402 613 2445 reservamus.
640 2383 673 2444 ln
698 2403 837 2465 quorum
862 2384 1008 2446 omnium
1034 2397 1064 2446 et
1089 2384 1291 2466 singulorum
1310 2382 1407 2446 fidem
1426 2395 1456 2446 et

187 2489 408 2550 testimonium
432 2489 661 2571 premissorum
698 2503 861 2572 presentes
896 2490 1004 2552 literas
1038 2489 1106 2553 fieri
1142 2503 1172 2551 et
1206 2509 1263 2572 per
1294 2489 1454 2551 notarium

189 2593 425 2677 infrascriptum
449 2596 617 2675 subscribi,
642 2596 805 2678 sigillique
837 2596 936 2658 nostri
970 2595 1120 2676 jussimus
1154 2597 1214 2658 sub
1246 2595 1457 2678 impressione

188 2701 393 2763 communiri.
418 2701 538 2764 Datum
563 2717 593 2764 et
617 2717 723 2764 actum
750 2703 902 2784 Strigonii
927 2703 986 2764 sub
1011 2722 1096 2764 anno
1128 2703 1251 2764 domini
1282 2701 1456 2766 millesimo

189 2807 449 2888 quingentesimo
474 2808 725 2887 sextodecimo,
755 2808 931 2871 indictione
968 2822 1091 2889 quarta,
1125 2809 1177 2870 die
1212 2827 1288 2870 vero
1311 2807 1457 2888 Veneris,
1560 2885 1567 2898 Α

189 2913 301 2994 quinta
325 2914 445 2975 mensis
468 2915 668 2996 septembris.
693 2913 902 2978 Pontificatus
938 2915 1128 2977 sanctissimi
1154 2915 1187 2976 in
1211 2914 1342 2977 Christo
1359 2914 1457 2996 patris

189 3033 219 3080 et
241 3019 366 3080 domini
391 3020 502 3100 nostri,
527 3020 652 3082 domini
677 3021 806 3100 Leonis,
839 3021 948 3088 divina
979 3020 1190 3102 providencia
1220 3040 1302 3103 pape
1327 3020 1456 3098 decimi,

189 3145 274 3186 anno
299 3139 423 3206 quarto.
449 3127 654 3189 Presentibus
679 3127 799 3188 ibidem
824 3127 968 3189 discretis
993 3126 1150 3189 Michaele
1183 3127 1302 3189 Eathor
1332 3140 1364 3188 et
1396 3126 1456 3188 Mi-

189 3231 297 3294 chaele
323 3232 463 3312 Therelr,
493 3233 579 3294 curie
611 3233 786 3314 legacionis
822 3253 990 3296 causarum
1021 3233 1291 3316 procuratoribus,
1323 3231 1457 3294 testibus

188 3337 227 3399 ad
251 3339 405 3420 premissa
429 3340 550 3401 vocatis
573 3353 668 3421 atque
692 3339 820 3420 rogatis.
846 3339 948 3402 Olaus
972 3339 1127 3402 lobannis
1151 3336 1296 3420 Bangffy,
1313 3337 1456 3399 notarius

189 3445 220 3506 in
244 3445 417 3526 premissis.
430 3480 472 3490 -
487 3445 563 3507 Post
586 3445 856 3528 quarumquidem
880 3445 1045 3507 literarum
1058 3443 1345 3526 compulsoriarum
1359 3461 1456 3523 gene-

190 3551 305 3612 ralium
340 3551 395 3630 sic,
420 3564 455 3613 ut
479 3551 683 3634 premittitur,
706 3551 899 3630 habitarum,
933 3570 989 3633 per
1018 3570 1077 3612 nos
1100 3550 1223 3612 honore
1255 3567 1320 3630 quo
1350 3547 1458 3610 decuit

187 3657 420 3740 recepcionem,
444 3657 564 3720 fuimus
598 3677 657 3740 pro
691 3671 778 3740 parte
808 3657 986 3720 eorundem
1022 3657 1244 3740 plebanorum,
1268 3674 1327 3737 pro
1362 3668 1451 3736 parte

189 3782 328 3845 quorum
352 3783 457 3846 supra,
482 3763 566 3826 dicta
591 3783 664 3826 cum
689 3764 844 3826 instancia
869 3763 1013 3844 requisiti
1030 3775 1190 3844 quatenus
1218 3761 1311 3823 dictis
1335 3760 1457 3822 decano

189 3883 219 3932 et
241 3871 466 3932 communitati
491 3871 601 3932 omnia
625 3885 655 3932 et
687 3871 814 3952 singula
845 3883 924 3949 acta,
957 3869 1095 3947 actitata,
1126 3869 1242 3941 literas,
1276 3866 1456 3948 scripturas,

190 3976 368 4058 privilegia,
407 3976 544 4055 decreta,
580 3977 721 4058 registra,
760 3977 982 4055 instrumenta,
1018 3975 1152 4058 juraque
1187 3987 1218 4036 et
1257 3973 1457 4034 munimenta

189 4102 381 4164 quecunque
417 4102 546 4144 causam
581 4096 612 4144 et
645 4103 754 4145 causas
785 4102 883 4164 quam
908 4095 938 4144 et
963 4102 1042 4165 quas
1071 4101 1144 4144 curn
1175 4079 1356 4142 honorabili
1393 4078 1456 4141 De-

190 4189 304 4250 metrio
341 4189 504 4270 preposito
540 4189 671 4250 ecclesie
705 4190 796 4251 beate
820 4189 953 4270 virginis
978 4189 1009 4250 in
1043 4208 1115 4250 area
1148 4201 1255 4248 nostra
1290 4185 1455 4268 capitulari

188 4295 389 4378 zngrabiensi
402 4295 575 4374 existentis,
589 4295 717 4356 racione
730 4295 896 4356 cuiusdam
910 4295 1016 4356 balnei
1030 4313 1128 4376 penes
1140 4291 1275 4354 fluvium
1293 4289 1457 4352 Medwed·

188 4421 288 4484 nycza
315 4401 419 4462 vocati
444 4420 480 4462 ex
507 4401 657 4482 opposito
690 4400 856 4462 cuiusdam
893 4377 1071 4461 molendini
1104 4398 1225 4460 ibidem
1261 4397 1457 4459 decurrentis

188 4507 298 4588 habiti,
324 4507 479 4568 haberent
503 4519 534 4567 et
557 4507 714 4587 agitarent
737 4519 904 4587 tangentes
927 4519 957 4568 et
980 4505 1148 4586 tangencia
1172 4523 1271 4586 penes
1295 4523 1353 4566 nos
1377 4504 1456 4564 exis-

188 4627 289 4674 tentes
313 4625 345 4674 et
378 4612 550 4674 existencia
583 4613 783 4694 originaliter
806 4613 857 4674 vel
889 4614 920 4674 in
954 4631 1065 4674 eorum
1100 4611 1211 4673 formis
1243 4609 1455 4692 originalibus

188 4719 342 4800 sigillatas
366 4732 397 4780 et
420 4719 558 4801 sigillata
582 4733 613 4782 et
637 4721 695 4782 sub
723 4720 841 4782 talibus
876 4719 975 4782 modo
1008 4733 1039 4780 et
1071 4717 1183 4796 forma,
1218 4716 1307 4798 quod
1336 4715 1456 4778 eisdem

188 4825 219 4886 in
244 4825 329 4887 dicta
353 4826 440 4888 curia
464 4825 640 4907 legacionis
664 4839 695 4888 et
719 4827 795 4888 alibi
821 4827 852 4886 in
880 4825 1001 4906 judicio
1025 4825 1076 4886 vel
1101 4837 1189 4886 extra
1213 4824 1329 4886 merito
1353 4823 1457 4886 valeat

189 4945 219 4993 et
229 4933 346 4994 debeat
357 4931 501 5014 plenaria
513 4931 592 4994 fides
600 4933 755 5011 adhiberi,
765 4932 929 4994 extradare
939 4931 1169 4993 debuissemus.
1179 4932 1247 4992 Nos
1257 4944 1332 4992 tunc
1342 4930 1453 4992 volen-

189 5049 233 5098 tes
249 5037 408 5100 mandatis
431 5037 544 5121 prefati
568 5038 691 5100 domini
716 5039 844 5100 Andree
866 5039 1067 5100 decretorum
1078 5038 1218 5100 doctoris
1229 5038 1330 5098 immo
1351 5037 1456 5098 verius
