3752 5806
860 573 933 633 Duc.
952 585 998 633 11.
1018 603 1058 617 -
1075 571 1129 630 An.
1148 579 1233 644 1501.

509 817 540 882 (A
562 815 662 881 tergo).
689 799 935 860 Venerabilibus
958 797 1099 859 dominis
1123 795 1264 878 capitulo
1289 795 1420 856 ecclesie
1445 795 1671 876 zagrabiensis,

405 905 555 969 fratribus
578 905 695 967 nostris
718 905 900 966 carissimis.

510 1046 647 1112 Originale
673 1047 698 1098 ln
727 1047 825 1111 charta,
845 1047 962 1097 attritum
986 1047 1072 1110 valde,
1093 1060 1108 1096 a
1132 1049 1210 1109 tergo
1235 1043 1380 1115 vestigium
1403 1044 1498 1110 sigilli.
1518 1041 1545 1094 la
1572 1043 1672 1094 archiv.

404 1151 462 1190 ven.
482 1135 571 1200 Capit.
590 1137 772 1201 zagrab.1lct.
793 1137 855 1200 Cap.
875 1141 927 1189 ant.
948 1137 1012 1188 lasc.
1031 1136 1074 1187 92.
1094 1149 1132 1188 nr.
1151 1135 1193 1187 54.

1015 1419 1066 1484 11.

507 1579 581 1629 Anno
602 1577 678 1642 1501,
699 1591 789 1628 mense
808 1574 921 1628 octobri.
942 1575 1028 1630 Crisil.

408 1709 582 1797 Quaestione
610 1725 774 1797 constituta,
806 1740 863 1780 esse
895 1723 1036 1796 cognatum
1060 1721 1207 1779 Andr-cum
1230 1720 1333 1778 Budor
1356 1719 1474 1776 nobilem
1504 1715 1670 1789 Zagrubiac

405 1827 556 1902 degeniam
587 1848 608 1888 α
633 1830 735 1886 Blasio
757 1829 848 1904 Arky,
871 1829 964 1886 nobile
984 1829 1143 1904 stabatensi,
1168 1825 1298 1904 profecta
1330 1825 1505 1884 contumeliis
1533 1822 1666 1896 affectum

486 1944 633 2010 potaeque
655 1936 797 1994 cunctarum
813 1932 933 2010 judices
957 1935 1092 1992 nobelt'rcm
1115 1935 1244 1993 ctortulis
1264 1933 1415 1991 Crisiensis
1431 1930 1577 1988 nuntiant.

505 2073 572 2134 Nos
596 2071 707 2132 Petrus
724 2071 876 2154 Bochlray
892 2071 931 2133 de
948 2069 1261 2153 Razynalrerezthwr
1283 2083 1314 2130 et
1338 2068 1503 2130 Baithasar
1525 2067 1565 2129 de
1584 2067 1667 2148 Alap

402 2177 548 2238 vicebani
572 2189 603 2237 et
619 2177 751 2238 comites
768 2196 804 2237 ac
821 2176 942 2256 judices
959 2177 1118 2238 nobilium
1135 2165 1304 2237 comitatus
1321 2175 1488 2238 crisiensis.
1511 2173 1669 2236 Memoria

327 2337 332 2346 .
403 2283 677 2360 commendamus,
691 2281 778 2363 quod
795 2302 869 2343 cum
885 2302 944 2366 nos
960 2283 1000 2344 ad
1016 2283 1203 2344 instanciam
1220 2294 1250 2342 et
1267 2281 1457 2363 legittimam
1474 2281 1667 2364 peticionem

403 2389 521 2450 nobilis
537 2389 664 2449 Andree
678 2389 796 2449 deor
812 2388 851 2449 de
864 2388 1061 2468 derowcz,
1075 2388 1275 2450 Demetrium
1291 2387 1331 2448 de
1345 2387 1550 2470 Mylethyncz
1565 2405 1667 2447 unum

402 2513 440 2555 ex
464 2495 557 2556 nobis
589 2495 709 2556 scilicet
733 2493 873 2576 judicem
905 2493 1065 2554 nobilium
1089 2492 1128 2554 ad
1161 2491 1393 2574 infrascriptam
1418 2493 1666 2574 inquisicionem

403 2600 581 2662 faciendam
606 2600 646 2662 de
669 2601 744 2662 sede
768 2613 875 2662 nostra
899 2598 1065 2680 judiciaria
1081 2599 1238 2680 legittime
1255 2598 1519 2675 destinassemus;
1536 2598 1666 2660 tandem

402 2707 488 2768 idem
510 2707 624 2768 exinde
648 2707 688 2768 ad
713 2725 771 2768 nos
795 2725 938 2768 reversus
962 2705 1056 2766 nobis
1079 2704 1187 2766 retulit
1211 2724 1249 2765 eo
1270 2705 1388 2766 modo:
1414 2704 1581 2785 quomodo
1598 2704 1665 2786 ipse

401 2813 441 2874 ab
465 2813 626 2891 omnibus,
651 2813 768 2893 quibus
791 2812 948 2873 decuisset
972 2824 1002 2872 et
1026 2811 1166 2872 licuisset
1190 2811 1297 2892 palam
1322 2823 1352 2871 et
1370 2810 1476 2874 oculte
1493 2809 1664 2890 diligenter

402 2918 607 2999 inquirendo,
619 2919 716 2980 talem
730 2919 769 2980 de
787 2917 992 2998 infrascriptis
1006 2916 1147 2977 scivisset
1163 2915 1361 2978 certitudinis
1377 2917 1559 2978 veritatem:
1578 2916 1665 2996 quod

401 3044 474 3086 cum
498 3025 580 3086 circa
610 3023 725 3086 festum
749 3025 833 3085 beati
851 3024 936 3084 Luce
961 3021 1166 3102 evangeliste,
1190 3023 1335 3104 proxime
1358 3023 1556 3104 preteritum,
1579 3023 1663 3083 idem

402 3149 564 3212 exponens
588 3149 726 3191 unacum
758 3130 829 3190 aliis
852 3128 1016 3190 nobilibus
1039 3127 1134 3188 huius
1166 3128 1255 3210 regni
1281 3127 1451 3190 Sclavonie
1478 3127 1533 3189 sed
1558 3143 1589 3190 et
1611 3129 1664 3189 sti-

402 3235 574 3318 pendiariis
606 3235 783 3298 eorundem
818 3234 857 3296 ad
889 3234 1151 3296 exercituandum
1183 3247 1293 3295 contra
1324 3234 1506 3296 sevissimos
1539 3234 1665 3295 Turcos

404 3341 504 3402 crucis
529 3340 648 3402 Christi
672 3342 829 3402 immanes
844 3341 952 3402 hostes
968 3360 1076 3401 versus
1093 3340 1283 3420 Zagrabiam
1300 3339 1456 3421 proficisci
1474 3341 1663 3402 decrevisset

401 3459 431 3506 et
455 3446 532 3507 dum
557 3445 642 3507 idem
667 3466 830 3529 exponens
853 3446 948 3507 simul
975 3465 1047 3508 cum
1066 3446 1136 3507 aliis
1149 3445 1298 3526 gentibus
1314 3460 1345 3506 et
1361 3446 1482 3508 eisdem
1499 3447 1663 3508 nobilibus

400 3572 436 3614 ac
460 3551 673 3634 stipendiariis
696 3553 873 3613 eorundem
897 3553 938 3614 ad
962 3552 1122 3613 civitatem
1151 3551 1390 3632 zagrabiensem
1416 3551 1611 3633 pervenisset
1634 3565 1664 3613 et

400 3658 440 3718 ad
464 3657 644 3739 hospicium
668 3671 823 3737 nostrum,
840 3658 990 3720 videlicet
1006 3658 1089 3718 Petri
1108 3657 1260 3739 Bochkay
1284 3657 1360 3718 dicti
1385 3657 1473 3738 regni
1493 3657 1662 3719 Sclavonie

399 3763 556 3842 vicebani,
581 3777 877 3845 consequenterque
910 3783 984 3844 erga
1016 3783 1075 3824 nos
1107 3763 1228 3824 scilicet
1248 3763 1377 3824 Petrum
1401 3782 1459 3844 pro
1483 3763 1575 3824 certis
1599 3765 1663 3824 suis

399 3870 541 3952 negociis
564 3869 773 3952 expediendis
796 3869 986 3947 accessisset,
1002 3883 1078 3930 tunc
1102 3869 1220 3930 nobilis
1244 3868 1368 3929 Blasius
1388 3870 1475 3950 Arky
1500 3869 1539 3930 de
1565 3869 1661 3930 Ztho·

400 3978 509 4058 bycza,
522 3975 660 4037 nescitur
684 3975 768 4036 unde
785 3988 902 4054 motus,
918 3975 1046 4036 armatis
1066 3975 1214 4036 manibus
1231 3975 1263 4037 in
1284 3974 1423 4036 eundem
1445 3988 1658 4056 exponentem

400 4081 550 4158 irruisset,
575 4081 685 4161 ibique
709 4081 848 4142 eundem
872 4082 977 4142 verbis
1000 4081 1119 4142 illicitis
1143 4093 1174 4141 et
1200 4079 1403 4162 vituperiosis
1426 4099 1462 4141 ac
1487 4080 1662 4142 inhonestis

399 4199 627 4268 pertractasset,
650 4200 681 4248 et
705 4187 765 4247 nisi
790 4187 895 4248 eidem
919 4187 1090 4268 exponenti
1123 4186 1277 4248 auxilium
1303 4201 1461 4247 certorum
1486 4188 1661 4267 probortun

399 4305 429 4353 et
453 4293 611 4354 nobilium
635 4293 777 4353 virorum
803 4307 918 4354 eotunc
935 4291 1055 4353 ibidem
1074 4293 1105 4353 in
1122 4292 1267 4374 hospicio
1284 4306 1392 4354 nostro
1409 4291 1560 4354 videlicet
1577 4293 1659 4354 Petri

399 4397 549 4480 Bochkay
572 4398 778 4459 existencium
795 4398 945 4477 affuisset,
963 4398 1073 4478 gladio
1097 4417 1153 4457 seu
1177 4397 1313 4458 biccello
1330 4397 1499 4479 evaginato
1520 4397 1659 4459 eundem

399 4523 475 4563 nece
507 4505 680 4565 miserabili
706 4505 908 4566 interimisset
939 4502 1086 4585 potencia
1110 4502 1290 4578 mediante;
1321 4521 1449 4564 eonon
1482 4517 1661 4581 contentus,

399 4607 484 4666 idem
513 4608 638 4668 Blasius
661 4611 748 4690 Arky
780 4610 918 4671 eundem
950 4621 1162 4690 exponentem
1187 4609 1218 4669 in
1244 4628 1294 4688 eo,
1319 4621 1353 4669 ut
1384 4609 1409 4669 si
1434 4609 1500 4689 ipse
1532 4609 1659 4670 racione

398 4711 582 4772 huiusmodi
607 4727 734 4775 actuum
759 4735 890 4776 suorum
914 4715 1053 4776 eundem
1079 4715 1111 4776 in
1135 4715 1224 4776 litem
1248 4734 1305 4776 seu
1322 4733 1449 4776 causam
1466 4713 1590 4776 trahere
1608 4714 1658 4775 vel

397 4817 567 4876 convenire
585 4818 746 4898 niteretur,
757 4834 870 4881 extunc
887 4821 992 4882 eidem
1010 4821 1180 4903 exponenti
1198 4833 1335 4882 mortem
1352 4819 1657 4897 similitudinariam,

398 4921 489 4982 sicuti
529 4923 665 4982 condam
708 4925 808 4986 nobili
842 4926 1011 4986 Francisco
1044 4925 1082 4986 de
1115 4927 1236 4986 Rawen
1270 4924 1384 4987 factam
1417 4937 1508 5004 esset,
1542 4925 1657 4986 inferre

398 5027 504 5105 vellet,
518 5027 656 5088 minatus
673 5027 792 5109 luisset,
809 5032 955 5112 potencia
971 5031 1142 5110 mediante,
1153 5031 1184 5092 in
1202 5031 1415 5114 preiudicium
1432 5045 1463 5092 et
1478 5031 1657 5112 periculum
