3752 5806
653 531 728 590 Doc.
746 531 794 606 03.
815 562 852 574 -
871 531 928 589 An.
946 525 1037 604 1508.
1427 530 1465 610 65

205 635 524 642 ———........-...-..
577 637 589 642 -
1112 637 1145 642 .-
1157 637 1467 644 -Ἥ

199 771 305 818 nostre
320 758 440 819 montis
454 757 621 820 Grecensis
633 757 768 818 salutem
781 769 811 818 et
821 759 971 838 graciam.
986 759 1164 838 Exponitur
1177 759 1270 820 nobis
1286 759 1319 819 in
1333 777 1467 840 persona

198 862 304 924 fidelis
329 864 429 924 nostri
453 863 650 924 honorabilis
674 863 815 944 magistri
839 863 965 925 Nicolai
989 864 1205 926 archidiaconi
1232 865 1414 926 dubicensis
1438 877 1469 926 et

200 969 349 1030 canonici
373 969 505 1030 ecclesie
528 969 752 1049 zagrabiensis‚
770 969 907 1050 qualiter
924 968 985 1032 hoc
1000 969 1156 1051 superiori
1174 983 1319 1051 tempore
1336 969 1468 1050 quidam

201 1075 357 1136 Nicolaus
387 1074 609 1156 Soldinarych,
633 1074 831 1144 cohabitator
864 1088 977 1154 vester,
1001 1075 1135 1136 domum
1160 1075 1260 1157 ipsius
1281 1075 1469 1158 exponentis

201 1181 234 1241 in
268 1179 412 1261 capitulo
444 1181 531 1242 illius
562 1180 694 1242 ecclesie
726 1181 941 1260 zagrabiensis
972 1180 1124 1259 habitam,
1148 1183 1250 1243 noctis
1279 1183 1310 1243 in
1335 1182 1469 1245 silencio

202 1285 320 1346 furtive
345 1287 562 1364 subintrasset,
576 1287 710 1368 isticque
727 1285 896 1348 confractis
909 1287 1026 1348 ladulis
1043 1299 1073 1350 et
1090 1286 1299 1366 ferramentis,
1315 1301 1469 1369 tanquam

203 1390 393 1453 manifestus
424 1391 484 1471 fur,
509 1405 608 1454 certas
639 1412 687 1454 res
711 1407 741 1454 et
770 1394 854 1454 bona
878 1393 979 1475 ipsius
1003 1395 1191 1475 exponentis
1215 1393 1291 1456 citra
1316 1394 1471 1456 ducentos

202 1499 273 1561 flor.
305 1499 445 1560 valentia
481 1500 598 1563 abinde
630 1513 834 1582 exportasset,
859 1515 890 1562 et
921 1519 986 1582 quo
1019 1501 1182 1578 voluisset,
1208 1499 1341 1562 lecisset.
1376 1499 1470 1562 Unde

203 1607 272 1688 ipse
312 1605 557 1688 dampnificatus
598 1627 656 1688 pro
695 1607 931 1688 recuperandis,
970 1605 1244 1686 resarciendisque
1284 1604 1469 1668 huiusmodi
1546 1635 1551 1642 ·

205 1713 334 1774 damnis
359 1713 424 1773 suis
449 1727 597 1794 exparte
621 1711 735 1794 prefati
760 1713 885 1774 Nicolai
909 1731 1017 1774 coram
1041 1713 1133 1774 vobis
1157 1700 1312 1800 iudicium
1337 1725 1367 1772 et
1383 1711 1471 1792 justi·

204 1819 288 1880 ciam
321 1818 438 1880 habere
471 1831 503 1880 et
533 1820 673 1901 recipere
706 1819 821 1895 vellet;
853 1838 926 1880 curn
958 1832 1065 1880 autem
1097 1817 1252 1900 judicium
1283 1831 1314 1878 et
1348 1817 1471 1898 justicia

204 1924 379 2006 nullipiam
405 1925 445 1986 sit
469 1925 668 2006 abneganda,
692 1925 837 1987 fidelitati
862 1925 958 2007 igitur
982 1936 1083 1986 vestre
1107 1923 1221 1986 harum
1245 1923 1325 1985 serie
1357 1923 1471 1986 firmis-

204 2032 284 2093 sime
307 2031 510 2110 mandamus,
534 2046 691 2113 quatenus
714 2033 832 2111 statim,
856 2032 993 2114 acceptis
1017 2031 1229 2114 presentibus,
1246 2029 1351 2092 eidem
1375 2050 1471 2112 expo·

206 2138 294 2198 nenti
328 2158 366 2198 ex
397 2151 486 2220 parte
518 2137 631 2220 prefati
662 2137 788 2199 Nicolai
825 2138 1028 2200 Soldinarich
1060 2137 1099 2200 de
1131 2151 1161 2198 et
1194 2156 1289 2218 super
1321 2137 1472 2198 omnibus

205 2243 394 2305 huiusmodi
425 2244 490 2305 suis
522 2244 670 2325 dampnis
701 2257 731 2306 et
765 2243 963 2305 incommodi
996 2242 1081 2324 juxta
1112 2243 1246 2324 allegata
1279 2256 1310 2304 et
1339 2243 1473 2324 probata

206 2349 353 2410 eiusdem
376 2348 519 2410 debitum
542 2363 572 2410 et
596 2363 717 2410 rectum
735 2349 891 2430 judicium
908 2361 939 2410 et
956 2349 1124 2430 justiciam,
1138 2363 1233 2430 atque
1250 2347 1473 2410 omnimodam

204 2454 468 2534 satisfactionem,
493 2467 655 2537 amputata
686 2456 776 2517 omni
807 2455 966 2537 superflua
997 2454 1168 2532 dilacione,
1192 2454 1352 2536 siquidem
1387 2453 1473 2516 idem

208 2561 439 2623 verisimilibus
463 2575 493 2622 et
517 2561 718 2624 evidentibus
743 2562 944 2624 documentis
964 2583 1018 2643 per
1036 2562 1139 2643 ipsum
1157 2575 1370 2642 exponentem
1387 2580 1473 2622 com-

206 2668 337 2750 probari
369 2669 495 2756 poterit,
524 2665 627 2730 lacere
659 2682 689 2729 et
720 2669 941 2730 administrare
973 2667 1079 2729 modis
1102 2667 1254 2729 omnibus
1277 2667 1420 2728 debeatis
1444 2682 1475 2729 et

206 2773 394 2852 teneamini,
419 2773 604 2835 auctoritate
630 2788 737 2836 nostra
761 2774 961 2856 presentibus
985 2774 1077 2834 vobis
1096 2773 1128 2834 in
1146 2773 1204 2834 hac
1221 2787 1308 2854 parte
1324 2793 1473 2834 concessa

207 2893 238 2941 et
269 2879 395 2960 justicia
426 2880 598 2941 mediante.
635 2879 732 2942 Secus
763 2879 851 2941 nulla
888 2881 1015 2942 racione
1048 2879 1374 2961 lacerepresumatis.
1400 2879 1473 2940 Pre-

207 2986 353 3046 sentibus
384 2985 541 3066 perlectis,
576 2985 738 3047 exhibenti
774 2987 934 3048 restitutis.
968 2985 1085 3047 Datum
1122 2985 1211 3046 Bude
1249 2983 1326 3046 feria
1362 2999 1473 3067 quarta

207 3092 354 3173 proxima
379 3105 453 3153 ante
483 3090 599 3154 festum
631 3093 825 3154 ascensionis
857 3093 999 3154 Domini.
1030 3097 1125 3154 Anno
1151 3091 1275 3152 domini
1300 3092 1474 3154 millesimo

208 3197 474 3279 quingentesimo
497 3213 623 3260 octavo.
704 3272 708 3279 ¹

316 3337 336 3388 E
361 3339 459 3389 tabulis
484 3339 631 3404 judiciariis
660 3337 704 3391 lib.
732 3353 785 3403 reg.
806 3340 855 3390 clv.
885 3338 996 3404 Zagrab.
1020 3339 1047 3388 ln
1073 3339 1141 3390 arch.
1168 3339 1227 3391 incl.
1252 3338 1345 3388 Accad.
1375 3335 1473 3389 Sclent.

209 3425 314 3478 Slavor.
334 3427 426 3478 merid.

815 3691 876 3757 63.

316 3869 391 3919 Anno
414 3867 488 3943 1598,
510 3867 548 3918 ll.
566 3866 639 3931 junii.
663 3865 818 3931 Zagrabiae.

209 4013 427 4073 Praebendarii
455 4013 585 4069 ecclesiae
615 4007 800 4080 cathedralis,
823 4015 1004 4070 corruentiorre
1033 4032 1096 4070 cum
1118 4015 1243 4086 capetulo
1257 4014 1354 4088 facta,
1375 4033 1478 4072 nrunrcs

473 4118 579 4176 mr'ssae
597 4123 655 4189 pro
677 4114 820 4191 defunctis
843 4119 1032 4177 instituendae
1054 4120 1219 4192 suscipiunt.

324 4273 417 4353 1508.
451 4273 485 4333 ln
517 4272 597 4334 lesto
628 4274 727 4334 sancti
759 4273 904 4336 Barnabe
937 4275 1088 4356 apostoli,
1120 4275 1243 4337 domini
1275 4277 1476 4357 prebendarii

212 4377 437 4460 zagrabienses
460 4377 614 4460 incipient
635 4379 764 4441 Missam
782 4400 839 4461 pro
856 4379 1013 4441 defunctis
1031 4381 1116 4442 iuxta
1134 4383 1386 4444 conventionem
1404 4403 1477 4444 cum

212 4483 354 4546 dominis
379 4484 520 4566 capitulo
541 4483 667 4547 factam.
686 4485 793 4559 Quam
809 4486 1042 4548 continuabunt
1058 4487 1192 4566 singulis
1209 4487 1321 4549 diebus
1338 4489 1370 4549 in
1388 4489 1477 4550 altari

212 4589 355 4672 episcopi
380 4588 528 4667 Osualdi,
552 4591 611 4650 sub
636 4590 730 4652 missa
755 4591 880 4668 maiori,
899 4603 930 4652 et
949 4592 1114 4654 habebunt
1131 4613 1186 4674 per
1203 4613 1323 4654 annum
1340 4593 1479 4656 florenos

213 4697 325 4779 viginti
354 4695 511 4777 quinque.
547 4697 653 4758 Prima
689 4697 821 4758 collecta
858 4717 916 4779 pro
940 4699 1097 4780 episcopis
1121 4698 1289 4776 defunctis,
1313 4700 1478 4761 videlicet:

213 4802 309 4882 Deus,
327 4802 384 4883 qui
403 4801 485 4862 inter
500 4801 694 4884 apostolicos
710 4803 907 4880 sacerdotes;
933 4804 1088 4865 secunda:
1107 4803 1203 4882 Deus,
1221 4806 1313 4866 venie
1330 4806 1478 4886 largitor;

209 4910 324 4972 tercia:
344 4907 443 4985 Deus,
465 4907 555 4970 cuius
577 4909 816 4984 misericordie;¹
837 4923 965 4990 quarta:
984 4909 1081 4988 Deus,
1099 4910 1129 4971 in
1146 4911 1235 4971 cuius
1252 4912 1478 4989 miseracione;

209 5015 339 5096 quinta:
367 5011 526 5074 Fidelium
554 5015 639 5075 Deus
662 5015 806 5075 omnium
831 5016 986 5076 conditor.
