3732 5802
379 581 439 641 114
801 563 874 624 Dec.
895 573 949 639 97.
973 597 1016 606 —
1040 564 1097 626 An.
1123 575 1208 638 1511.

375 787 515 868 interfui,
546 788 656 871 sicque
687 787 754 851 fieri
788 787 855 850 vidi
887 801 919 850 et
953 788 1073 868 audivi,
1105 788 1137 849 in
1169 787 1332 870 fidemque
1364 801 1395 850 et
1421 789 1643 851 testimonium

374 895 602 978 premissorum
624 914 675 956 me
696 915 835 957 unacum
856 895 1063 978 apposicione
1087 895 1170 976 signi
1186 895 1437 957 thabellionatus
1452 897 1529 975 mci,
1546 915 1645 958 manu

375 1021 446 1063 mea
470 1002 598 1084 propria
621 1003 823 1084 presentibus
846 1001 1017 1083 subscripsi
1042 1015 1172 1082 rogatus
1195 1015 1226 1063 et
1249 1003 1432 1085 requisitus.

482 1123 617 1189 originale
636 1125 662 1176 in
688 1127 838 1176 membrana
863 1131 904 1175 sat
932 1125 1056 1177 lacerant.
1075 1122 1135 1175 Duo
1161 1138 1244 1189 parva
1267 1126 1358 1191 sigilla
1378 1139 1393 1176 a
1411 1125 1487 1176 zonis
1507 1122 1646 1176 viridiset

376 1212 453 1264 havel
472 1214 571 1265 eoloris
591 1227 717 1279 appensa.
736 1214 763 1264 lu
783 1215 880 1266 archiv.
900 1227 958 1265 ven,
979 1213 1064 1277 Capit.
1083 1215 1190 1278 aagrah.

980 1461 1041 1530 et.

483 1603 558 1654 Anno
580 1601 655 1668 1511,
674 1602 716 1653 20.
735 1601 896 1654 novembris.
916 1601 1013 1654 Bndae.

377 1733 406 1790 A
438 1731 593 1805 Wodisloo,
619 1730 795 1803 Hungorioe
824 1736 871 1789 etc.
894 1747 972 1808 rege,
1004 1729 1131 1807 capitulo
1160 1729 1349 1808 sagrabisnsi
1376 1729 1473 1787 erutor
1500 1729 1651 1802 exemplar

367 1839 539 1910 ¹testimonii,
552 1855 620 1910 -quo
648 1843 730 1893 testes
758 1839 977 1908 congregatione
1002 1837 1139 1910 generali
1164 1834 1246 1895 Crisi
1271 1831 1374 1895 habea
1400 1835 1649 1910 confirmaverunt

416 1945 575 2018 capitulum
598 1944 758 2016 antiquitus
780 1941 914 1999 habuisse
933 1943 1104 2016 facultatem
1118 1943 1189 2018 sori
1208 1944 1238 2000 in
1262 1944 1385 2016 capituli
1404 1960 1475 1999 areo
1498 1939 1604 1998 utendi.

485 2083 553 2144 Noa
584 2081 782 2143 Wladislaus
816 2081 867 2142 dei
903 2081 1008 2163 gracia
1045 2101 1099 2143 rer
1135 2081 1301 2163 Hungarie
1339 2095 1370 2142 et
1402 2079 1558 2142 Bohernie
1590 2091 1649 2140 etc.

381 2188 536 2250 Memorie
570 2187 845 2266 commendamus,
870 2187 959 2269 quod
994 2188 1088 2250 nobis
1119 2189 1153 2249 in
1186 2187 1387 2269 presentibus
1419 2187 1541 2249 octavis
1576 2183 1647 2246 festi

380 2295 464 2358 beati
489 2294 654 2356 Michaelis
685 2293 868 2375 archangeli
893 2294 1038 2376 proxime
1066 2295 1207 2376 preteriti
1233 2313 1373 2356 unacum
1401 2293 1569 2355 nonnullis
1593 2292 1650 2355 do-

381 2401 476 2463 minis
499 2399 638 2483 prelatis,
663 2400 847 2478 baronibus,
871 2401 1094 2482 magistrisque
1119 2399 1369 2483 prothonotariis
1390 2414 1421 2462 et
1442 2399 1538 2461 huius
1560 2399 1650 2480 regni

382 2506 481 2569 nostri
513 2505 688 2584 nobilibus,
712 2505 797 2566 sedis
827 2505 949 2568 scilicet
970 2519 1076 2568 nostre
1104 2505 1271 2588 judiciarie
1296 2506 1405 2588 juratis
1428 2506 1651 2582 assessoribus,

382 2633 440 2696 pro
463 2611 611 2674 faciendo
631 2611 831 2674 moderativo
854 2611 976 2693 judicio
995 2613 1199 2674 causantibus
1219 2613 1270 2674 hic
1287 2613 1378 2675 Bude
1401 2614 1433 2675 in
1450 2613 1527 2674 sede
1543 2625 1651 2674 nostra

382 2717 548 2801 judiciaria
579 2737 637 2799 pro
668 2717 821 2780 tribunali
854 2717 1051 2798 sedentibus,
1076 2719 1282 2781 honorabiles
1314 2719 1457 2800 magistri
1483 2717 1652 2780 Ladislaus

383 2825 423 2886 de
448 2823 630 2886 Gerzencze
662 2835 694 2884 et
726 2823 892 2886 Emericus
925 2825 963 2886 de
987 2825 1248 2902 Deescanonici
1278 2826 1410 2887 ecclesie
1435 2825 1653 2906 zagrabiensis

332 3011 336 3022 .
385 2951 443 3014 pro
467 2950 499 2991 se
524 2929 601 3012 ipsis
624 2929 834 3010 personaliter
858 2943 889 2991 et
912 2950 971 3012 pro
994 2930 1176 2992 honorabili
1194 2931 1335 3012 capitulo
1357 2931 1501 2993 eiusdem
1519 2929 1652 2993 ecclesie

384 3036 599 3118 zagrabiensis
631 3054 704 3096 cum
736 3037 963 3118 procuratoriis
995 3036 1108 3098 litteris
1140 3037 1296 3116 eiusdem,
1320 3037 1404 3114 juxta
1434 3038 1653 3100 continencias

385 3143 562 3205 litterarum
586 3142 706 3223 egregii
727 3143 869 3223 magistri
893 3143 1052 3204 Francisci
1070 3143 1109 3205 de
1127 3143 1279 3206 Marocha
1295 3143 1472 3226 personalis
1489 3145 1652 3226 presencie

385 3261 492 3309 nostre
530 3267 565 3308 ac
604 3247 693 3330 regni
732 3248 831 3309 nostri
869 3248 1041 3310 Sclauonie
1077 3249 1311 3331 prothonotarii
1347 3268 1473 3311 necnon
1509 3248 1653 3330 judicum

386 3353 545 3414 nobilium
577 3353 747 3415 comitatus
778 3354 993 3435 zagrabiensis
1024 3354 1330 3436 rescripcionalium,
1352 3355 1384 3416 in
1418 3353 1519 3436 figura
1543 3355 1653 3435 judicii

387 3458 564 3541 personalis
597 3459 761 3541 presencie
797 3471 903 3520 nostre
936 3475 1167 3542 comparentes,
1199 3461 1327 3522 easdem
1359 3461 1478 3522 litteras
1510 3461 1653 3542 ipsorum

387 3565 528 3646 magistri
552 3565 711 3627 Francisci
736 3579 767 3626 et
789 3565 933 3646 judicum
961 3567 1121 3629 nobilium
1145 3568 1221 3629 dicti
1244 3567 1414 3629 comitatus
1438 3567 1655 3648 zagrabiensis

388 3673 420 3734 in
441 3671 553 3754 papiro
574 3672 678 3733 clause
699 3671 870 3751 confectas,
887 3685 997 3734 contra
1014 3673 1188 3755 prudentes
1205 3687 1236 3734 et
1252 3675 1499 3755 circumspectos
1513 3671 1653 3754 judicem

388 3791 419 3838 et
442 3776 561 3858 juratos
585 3777 669 3838 cives
693 3777 829 3839 civitatis
853 3792 959 3840 nostre
984 3779 1104 3840 montis
1128 3778 1298 3842 Grecenais
1323 3778 1429 3841 eidem
1454 3791 1562 3839 nostre
1587 3799 1655 3860 per-

388 3882 491 3944 sonali
523 3883 685 3965 presencie
718 3897 992 3964 presentaverunt,
1021 3884 1105 3946 hunc
1136 3897 1283 3947 tenorem
1315 3885 1535 3946 continentes:
1569 3883 1653 3966 (vide

390 3988 468 4050 Doc.
490 4009 542 4070 94.
560 3988 599 4049 de
622 4008 706 4050 anno
733 4010 824 4070 1511.
847 4011 898 4072 23.
916 3990 1065 4072 augusti).
1084 3990 1345 4072 Quibusquidem
1366 3989 1479 4051 litteris
1496 3989 1655 4051 dictorum

390 4094 530 4175 magistri
555 4094 714 4155 Francisci
738 4095 972 4176 prothonotarii
996 4117 1031 4158 ac
1055 4109 1276 4178 pretactorum·
1293 4096 1436 4176 judicum
1458 4095 1534 4157 dicti
1558 4096 1656 4156 comi-

389 4212 473 4260 tatus
504 4199 719 4280 zagrabiensis
750 4220 857 4262 coram
891 4201 975 4263 dicta
1007 4216 1113 4263 nostra
1143 4202 1302 4284 personali
1328 4202 1492 4284 presencia
1517 4202 1549 4262 in
1574 4201 1657 4262 dicta

390 4305 465 4366 sede
489 4318 596 4368 nostra
619 4305 785 4386 judiciaria
810 4307 973 4388 productis
997 4321 1028 4368 et
1051 4307 1209 4387 exhibitis,
1234 4327 1293 4369 nos
1318 4307 1357 4368 111
1382 4306 1656 4389 supplicacionem

391 4410 550 4472 dictorum
581 4411 723 4492 magistri
753 4412 894 4473 Ladislai
928 4410 961 4474 et'
987 4413 1124 4475 Emerici
1157 4414 1388 4475 canonicorum
1421 4413 1454 4474 in
1484 4431 1597 4473 eorum
1622 4432 1658 4472 ac
1718 4489 1725 4503 ⁸

392 4516 467 4576 dicti
500 4517 629 4598 capituli
663 4518 795 4579 ecclesie
826 4519 1041 4599 zagrabiensis
1076 4519 1221 4601 personis
1253 4533 1360 4581 nostre
1392 4532 1561 4601 propterea
1586 4537 1659 4600 por-

392 4633 509 4682 rectam
534 4622 703 4702 Maiestati,
728 4623 846 4685 litteras
870 4638 993 4686 nostras
1013 4637 1157 4706 patentes
1177 4625 1282 4686 eidem
1305 4625 1446 4707 capitulo
1463 4644 1522 4706 pro
1539 4624 1659 4704 jurium

393 4745 524 4787 suorum
549 4729 689 4789 uberiori
714 4729 838 4790 cautela
860 4729 1010 4791 duximus
1027 4729 1258 4792 concedendas.
1276 4730 1395 4791 Datum
1414 4730 1504 4791 Bude
1521 4730 1660 4810 quadra-

393 4831 517 4911 gesimo
545 4845 633 4894 sexto
665 4835 716 4895 die
749 4849 934 4896 octavarum
969 4835 1036 4898 festi
1071 4837 1155 4899 beati
1181 4836 1348 4899 Michaelis
1379 4835 1563 4917 archangeli
1588 4855 1659 4918 pre-

395 4935 562 5000 dictarum.
586 4944 681 5002 Anno
706 4940 829 5002 domini
855 4942 1027 5004 millesimo
1052 4943 1313 5024 quingentesimo
1338 4941 1522 5003 undecimo.

503 5058 637 5124 Originale
663 5061 687 5112 in
716 5063 812 5115 charta.
839 5063 866 5114 ln
886 5064 1097 5129 margineiuler.
1118 5065 1273 5130 impressum
1294 5064 1419 5130 sigillum.
1439 5063 1466 5114 ln
1486 5063 1664 5116 1111111111.

397 5147 460 5210 Cap.
481 5149 588 5211 zagrab.
605 5149 661 5202 Act.
683 5151 745 5214 Cap.
765 5155 817 5202 ant.
837 5151 901 5202 lasc.
924 5153 964 5202 10.
985 5167 1022 5204 nr.
1043 5154 1084 5203 72.
