3808 5792
430 507 487 570 192
847 493 922 554 Dor.
946 504 1010 568 155.
1035 526 1077 535 -
1102 493 1158 552 An.
1183 488 1269 568 1516.

427 597 689 604 ——--—--——-—-
707 599 747 604 ...-
1338 599 1687 606 ———..—-—..—.—.

424 719 626 782 solucionem
651 718 831 780 faciendam
856 739 969 800 cogere
995 733 1026 781 et
1049 719 1222 802 astringere
1235 719 1287 781 vel
1304 720 1336 780 in
1354 720 1420 802 ipsa
1437 720 1564 781 civitate
1582 732 1691 781 nostra

424 825 611 887 descensum
638 824 750 902 lacere,
775 839 806 886 et
830 825 916 907 ipsos
941 839 1137 907 exponentes
1169 826 1220 887 vel
1244 826 1387 907 aliquem
1423 846 1534 888 eorum
1560 827 1592 888 in
1621 845 1696 908 per·

424 931 521 1010 sonis,
537 932 697 1011 rebusque
722 945 752 992 et
777 931 870 992 bonis
894 930 1036 1012 ipsorum
1053 931 1221 1014 impedire,
1237 933 1366 993 turbare
1389 952 1445 993 seu
1462 931 1577 1013 quovis
1593 931 1696 993 modo

424 1035 629 1098 damnificare
662 1056 728 1098 non
760 1037 959 1119 presumatis,
993 1039 1071 1119 quin
1103 1038 1216 1120 pocius
1248 1039 1380 1100 eosdem
1415 1040 1515 1101 eciam
1550 1039 1590 1099 ab
1622 1037 1715 1118 aliis·

424 1143 641 1204 turbatoribus
664 1143 757 1221 tueri,
781 1155 960 1226 protegere,
973 1157 1183 1206 manutenere
1201 1145 1353 1208 debeatis.
1372 1145 1470 1207 Secus
1486 1165 1550 1206 non
1569 1143 1693 1205 facturi.

424 1249 628 1310 Presentibus
659 1249 817 1330 perlectis,
850 1250 1011 1312 exhibenti
1043 1251 1209 1312 restitutis:
1231 1252 1349 1313 Datum
1374 1251 1463 1313 Bude
1494 1249 1572 1312 feria
1595 1250 1693 1311 tercia

425 1356 568 1436 proxima
604 1369 677 1437 post
707 1355 822 1418 festum
855 1357 1084 1418 decollacionis
1116 1358 1200 1419 beati
1233 1357 1387 1419 lobannis
1418 1357 1564 1439 baptiste.
1595 1359 1693 1416 Anno

425 1461 549 1522 domini
573 1461 747 1544 millesimo
772 1463 1033 1543 quingentesimo
1057 1463 1184 1526 decimo
1207 1476 1332 1528 octavo.

530 1599 665 1666 Originale
685 1602 710 1651 in
730 1603 828 1654 charta.
849 1601 876 1652 ln
896 1603 1015 1667 margine
1034 1602 1155 1655 inlerion'
1174 1605 1333 1669 impressum
1353 1607 1395 1655 est
1413 1604 1539 1669 sigillum.
1553 1604 1579 1653 ln
1594 1603 1693 1654 archiv·

426 1688 472 1741 lib.
494 1703 549 1754 reg.
569 1689 640 1740 civit.
661 1692 767 1755 zagrsb.

1017 1975 1098 2042 155.

530 2132 607 2181 Anno
630 2129 704 2183 ists.
724 2131 767 2186 27.
788 2131 944 2184 decembris.
964 2131 1062 2186 Budae.

425 2273 541 2330 Paulus
563 2273 596 2330 de
628 2274 747 2350 Warda,
773 2276 976 2334 thesaurarius
997 2277 1106 2355 regius,
1138 2285 1226 2352 rogat
1252 2281 1410 2353 capitulum
1440 2281 1635 2356 sagrabiensc,
1661 2285 1693 2335 ut

628 2381 718 2440 Petro
740 2383 910 2441 Bcrislavil
928 2383 1004 2440 bano
1027 2401 1074 2441 res
1096 2383 1307 2458 oppignoratae
1329 2387 1499 2456 reddantur,

529 2529 745 2592 Honorabiles
780 2530 904 2592 domini
932 2545 964 2592 et
997 2532 1092 2593 amici
1127 2532 1221 2594 nobis
1253 2533 1446 2596 honorandi.
1479 2533 1689 2615 intelligimus

319 2685 320 2691 ,
425 2635 725 2697 reverendissimum
761 2636 931 2698 dominum
967 2637 1156 2720 episcopum
1191 2639 1465 2720 wesprimiensem
1502 2653 1533 2700 et
1567 2639 1690 2700 banum

425 2743 513 2824 regni
538 2741 672 2804 Croacie
697 2743 814 2806 habere
838 2743 976 2825 quasdas
1000 2765 1050 2808 res
1073 2745 1142 2808 istic
1165 2747 1251 2828 apud
1268 2766 1325 2807 vos
1349 2747 1590 2829 impignoratas,
1609 2765 1690 2827 quas

327 2901 336 2918 ,
424 2848 510 2929 regia
536 2849 694 2929 Maiestas,
719 2849 870 2912 dominus
893 2863 1001 2914 noster
1024 2852 1397 2932 graciosissimus,nobis
1420 2853 1578 2915 redimere
1603 2870 1690 2913 man·

425 2953 488 3015 dat.
525 2954 690 3035 Rogamus
725 2956 833 3036 itaque
858 2975 924 3034 vos,
949 2957 1054 3017 velitis
1089 2956 1172 3039 ipsas
1208 2978 1257 3019 res
1292 2958 1399 3020 eidem
1436 2959 1571 3020 domino
1607 2959 1690 3018 bano

425 3059 568 3139 reddere,
605 3060 724 3121 credita
759 3073 868 3122 autem
892 3075 923 3123 et
959 3063 1112 3144 pecunias
1146 3077 1265 3126 vestras
1302 3065 1342 3127 de
1379 3065 1515 3147 presenti
1548 3064 1691 3126 subsidio
1777 3099 1781 3108 ι

425 3165 514 3226 istius
537 3166 627 3247 regni
652 3165 823 3227 Sclauonie
848 3166 887 3228 de
912 3165 1007 3228 bonis
1030 3170 1142 3231 vestris
1166 3171 1261 3250 plene
1294 3185 1326 3233 et
1356 3171 1478 3253 integre
1511 3171 1691 3245 retineatis;

425 3290 483 3352 pro
507 3291 570 3353 qua
596 3272 835 3354 rescripsimus
859 3286 890 3334 et
913 3273 1046 3335 dicatori
1071 3271 1217 3338 eiusdem
1244 3277 1334 3359 regni
1359 3290 1395 3339 ut
1412 3297 1470 3339 vos
1485 3291 1615 3360 propter
1632 3276 1691 3336 hoc

425 3376 474 3436 vel
500 3378 585 3439 bona
613 3391 716 3439 vestra
749 3379 924 3461 depredare
956 3400 1011 3440 seu
1048 3383 1163 3462 quovis
1198 3397 1292 3465 pacto
1327 3386 1454 3446 turbare
1486 3401 1691 3465 nequaquam

425 3483 551 3544 audeat.
576 3483 674 3546 Secus
698 3485 794 3566 igitur
817 3485 849 3546 in
874 3484 934 3546 hoc
959 3505 1025 3548 non
1042 3485 1183 3566 ¹faciatis,
1216 3503 1247 3551 et
1278 3503 1440 3572 presentes
1472 3489 1601 3551 tandem
1635 3507 1691 3572 pro

425 3601 526 3650 vestra
558 3591 730 3671 superinde
762 3610 923 3653 reservare
955 3593 1100 3673 poteritis
1131 3595 1352 3677 expedicione.
1385 3597 1503 3657 Datum
1537 3596 1626 3657 Bude
1660 3595 1690 3657 in

426 3692 505 3756 festo
530 3696 612 3756 beati
639 3695 795 3758 Johannis
819 3698 956 3778 apostoli
989 3713 1020 3760 et
1050 3701 1268 3781 ewangeliste.
1304 3707 1401 3763 Anno
1436 3702 1560 3763 domini
1602 3701 1691 3781 1518.

952 3805 1072 3866 Paulus
1096 3805 1136 3867 de
1160 3807 1284 3870 Warda
1311 3808 1492 3890 prepositus
1516 3807 1614 3868 sancti
1645 3806 1692 3866 Si·

954 3911 1131 3992 gismundi,
1155 3912 1375 3975 thesaurarius
1399 3915 1506 3994 regius
1530 3925 1588 3975 etc.

529 4013 564 4077 (Α
583 4014 684 4080 tergo.)
705 4015 959 4078 Honorabilibus
983 4017 1125 4080 dominis
1157 4020 1385 4102 capitularibus
1418 4021 1550 4082 ecclesie
1582 4038 1691 4101 zagru-

426 4119 554 4200 biensis,
578 4120 718 4182 dominis
742 4135 772 4182 et
796 4123 907 4184 amicis
930 4124 1025 4186 nobis
1048 4125 1257 4188 honorandis.

532 4258 666 4324 Originale
695 4261 719 4312 iu
749 4263 845 4324 charta,
864 4278 880 4313 a
898 4267 975 4329 tergo
1008 4265 1166 4328 impressum
1192 4267 1318 4332 sigillum.
1348 4264 1376 4318 ln
1402 4266 1500 4321 archiv.
1527 4283 1583 4319 ven.
1607 4267 1690 4332 Capit.

425 4349 531 4410 zagrab.
552 4347 609 4400 Act.
631 4348 715 4412 Capit.
736 4355 788 4402 ant.
809 4351 873 4402 lese.
893 4350 935 4403 95.
955 4367 993 4405 nr.
1013 4355 1055 4406 63.
