3732 5802
619 585 693 646 Doc.
711 583 760 660 67.
781 619 818 627 -
844 579 1010 659 An.15o8.

614 689 815 696 --.--—-———-—-—

179 829 212 870 ac
242 809 354 870 omnia
388 823 418 870 et
448 810 573 892 singula
607 810 639 870 in
671 809 792 871 eisdem
824 822 972 872 contenta
1004 824 1095 888 ratas,
1119 824 1224 890 gratas
1256 825 1286 873 et
1314 825 1443 894 accepta

176 915 303 994 habere,
315 915 582 997 presentibusque
599 915 711 976 litteris
729 915 844 977 nostris
860 915 1113 998 privilegialibus
1126 915 1246 998 (inseri)
1265 930 1296 978 et
1313 917 1442 978 inscribi

178 1020 279 1083 lacere
303 1041 340 1082 ac
363 1020 492 1083 easdem
514 1041 572 1103 pro
596 1019 725 1104 prelatis
749 1022 872 1083 civibus
895 1035 925 1082 et
949 1021 1178 1084 communitate
1202 1021 1285 1085 dicte
1308 1023 1443 1086 civitatis

177 1143 282 1188 nostre
308 1128 427 1188 montis
452 1125 630 1208 Grecensis,
647 1128 847 1210 presentibus
870 1128 990 1189 scilicet
1013 1141 1044 1188 et
1068 1125 1192 1208 futuris,
1213 1141 1321 1191 nostro
1346 1129 1442 1210 privi-

177 1234 261 1314 legio
301 1247 458 1316 perpetuo
493 1233 644 1296 valituras
680 1233 869 1296 confirmare
905 1233 1119 1314 dignaremur.
1160 1234 1440 1316 Quarumquidem

176 1339 354 1400 litterarum
385 1352 477 1400 tenor
508 1339 580 1401 talis
604 1353 667 1402 est:
691 1325 777 1420 (viiie
801 1339 874 1402 Vol.
899 1339 920 1400 l.
946 1339 1025 1402 Doc.
1051 1358 1124 1424 274.
1149 1340 1188 1402 de
1213 1359 1298 1402 anno
1328 1339 1441 1424 1472.).

176 1446 241 1506 Nos
273 1445 371 1526 igitur
403 1445 555 1528 premissa
588 1445 826 1528 supplicacione
851 1441 1047 1526 prefatorum
1071 1445 1201 1524 civium,
1226 1446 1389 1528 hospitum
1413 1459 1443 1508 et

176 1551 428 1613 inhabitatorum
457 1549 539 1612 dicte
563 1551 697 1613 civitatis
719 1565 826 1612 nostre
854 1552 972 1612 montis
985 1550 1175 1656 'Grecensia
1199 1565 1317 1630 nostre,
1342 1551 1441 1614 modo

176 1677 241 1739 quo
273 1677 381 1740 supra,
404 1670 546 1739 porrecta
576 1658 743 1738 Maiestati,
768 1657 854 1739 regia
879 1657 1074 1738 benignitate
1099 1658 1247 1720 exaudita
1270 1659 1443 1720 clementer

176 1777 206 1824 et
236 1763 377 1825 admissa
410 1763 598 1846 prescriptae
629 1764 748 1826 litteras
780 1763 1009 1826 donacionales
1041 1763 1117 1826 dicti
1149 1763 1286 1828 condam
1318 1763 1442 1826 domini

176 1867 299 1929 Mathie
332 1869 415 1950 regis
445 1888 510 1930 non
545 1870 681 1948 abrasas,
706 1889 770 1931 non
795 1869 985 1932 cancellatas
1008 1888 1067 1931 nec
1091 1869 1124 1931 in
1148 1870 1257 1951 aliqua
1281 1871 1328 1932 sui
1353 1883 1441 1952 parte

176 1987 351 2055 suspectas,
375 1976 575 2056 presentibus
609 1975 721 2036 litteris
756 1975 871 2037 nostris
905 1975 1158 2056 privilegialibus
1191 1975 1231 2038 de
1267 1978 1365 2037 verbo
1400 1974 1440 2036 ad

175 2081 310 2142 verbum
334 2081 402 2142 sine
424 2081 643 2144 diminucione
659 2081 711 2144 vel
728 2095 903 2163 augmento
920 2081 1053 2162 aliquali
1070 2081 1202 2144 insertas
1218 2095 1249 2143 et
1266 2082 1441 2164 inscriptas,

175 2185 286 2265 quoad
321 2205 434 2248 omnes
464 2207 574 2248 earum
608 2187 834 2268 continencias,
867 2187 1025 2249 clausulas
1057 2201 1087 2249 et
1119 2187 1269 2250 articulos
1299 2199 1441 2267 eatenus,

174 2306 336 2373 quatenus
359 2291 471 2354 eedem
495 2293 553 2354 rite
574 2306 604 2356 et
624 2294 779 2376 legittime
802 2294 939 2356 existunt
956 2307 1111 2373 emanate,
1129 2294 1314 2376 viribusque
1330 2313 1440 2356 earum

174 2399 291 2459 veritas
323 2396 512 2478 suffragatur
542 2413 754 2482 acceptamus,
786 2402 1001 2483 approbamus
1033 2413 1064 2462 et
1095 2399 1287 2462 ratificamus
1318 2419 1353 2461 ac
1381 2419 1440 2482 pro

174 2503 298 2564 eisdem
332 2505 466 2583 civibus,
489 2504 670 2587 hospitibus
701 2517 732 2567 et
762 2505 1028 2566 inhabitatoribus
1060 2505 1142 2567 dicte
1174 2505 1310 2568 civitatis
1333 2519 1440 2569 nostre

176 2609 297 2670 montis
324 2607 503 2689 Grecensis,
520 2611 722 2694 presentibus
744 2613 865 2675 scilicet
888 2624 919 2673 et
942 2611 1067 2691 futuris,
1080 2614 1218 2694 presenti
1242 2625 1353 2674 nostro
1376 2613 1440 2696 pri·

174 2715 297 2797 vilegio
330 2715 520 2779 innovantes
551 2730 708 2800 perpetuo
744 2718 895 2780 valituras
926 2715 1170 2796 confirmamus3
1199 2719 1295 2781 salvis
1318 2719 1440 2800 juribus

174 2821 298 2883 alienis.
325 2821 358 2882 ln
384 2823 473 2883 cuius
503 2823 548 2884 rei
573 2824 774 2904 memoriam,
797 2823 1045 2908 firmitatemque
1069 2839 1255 2908 perpetuam
1279 2839 1441 2909 presentes

174 2927 295 2989 litteras
319 2919 442 2990 nostras
469 2943 590 2991 secreto
614 2930 721 3012 sigillo
746 2943 865 3010 nostro,
890 2950 955 3012 quo
984 2945 1018 2992 ut
1042 2951 1096 2992 rex
1120 2931 1285 3012 Hungarie
1310 2931 1439 3010 utimur,

173 3033 376 3116 impendenti
407 3036 620 3097 communitas
652 3036 772 3098 eisdem
796 3037 919 3099 civibus
943 3052 974 3099 et
997 3037 1264 3100 inhabitatoribus
1288 3037 1438 3098 duximus

173 3139 409 3202 concedendas.
441 3139 559 3202 Datum
592 3141 683 3204 Eude
719 3143 751 3204 in
786 3141 928 3226 profesto
963 3143 1143 3205 beatissime
1176 3142 1276 3204 Marie
1308 3143 1439 3224 virginis

172 3245 212 3308 de
235 3246 324 3308 nive.
348 3249 444 3308 Anno
473 3246 596 3308 domini
621 3247 794 3310 millesimo
819 3247 1078 3330 quingentesimo
1101 3261 1226 3310 octavo.
1250 3249 1438 3330 Regnorum

171 3367 359 3414 nostrorum
391 3353 557 3434 Hungatie
588 3367 647 3416 etc.
671 3373 756 3416 anno
789 3354 916 3416 decimo
943 3367 1068 3434 octavo,
1093 3351 1247 3416 Bohemie
1279 3374 1356 3417 vero
1384 3355 1438 3416 tri-

172 3460 294 3520 cesimo
319 3471 444 3522 octavo.

453 3582 586 3644 Relacio
609 3585 774 3646 reverendi
799 3584 922 3647 domini
948 3583 1113 3646 Michaelis
1137 3584 1286 3646 Pezerew
1310 3584 1401 3646 electi

500 3685 530 3733 et
553 3671 730 3734 confirmati
755 3674 942 3752 Boanensis,
965 3672 1123 3734 secretarii
1145 3673 1231 3753 regie
1255 3672 1437 3735 Maiestatis.

278 3809 416 3874 originale
436 3811 461 3860 in
480 3813 632 3863 membrana
650 3817 691 3863 sat
710 3813 823 3864 lacerum
843 3817 869 3864 et
887 3827 1003 3864 exesum.
1023 3810 1097 3864 Zona
1116 3813 1219 3864 sericea
1238 3812 1318 3875 rubri,
1337 3811 1392 3864 albi
1410 3817 1437 3863 et

170 3896 264 3948 viridis
284 3897 384 3950 eoloris
404 3899 536 3962 appendet
555 3900 655 3965 absque
674 3899 775 3965 sigillo.
796 3899 823 3952 ln
842 3899 938 3953 archiv.
958 3902 1027 3953 dom.
1048 3897 1137 3952 Lavini
1158 3900 1264 3958 llorvat.

798 4203 858 4271 67.

277 4359 353 4410 Anno
376 4359 450 4422 1508,
472 4360 493 4410 l.
513 4359 673 4413 novembris.
698 4359 854 4426 Zagrabiae.

177 4503 281 4560 Coram
305 4502 397 4578 Luca,
420 4503 547 4576 episcopo
569 4503 759 4576 zagrabiensr}
776 4502 941 4580 Stephanus
963 4507 999 4564 de
1022 4507 1151 4581 Bachyu,
1167 4507 1319 4564 eateone'cus
1339 4507 1433 4582 lector,

172 4610 314 4668 scedulam
330 4609 475 4683 fassione's
496 4610 605 4683 egregii
625 4609 815 4670 Balthasaris
837 4613 870 4669 de
896 4613 971 4686 Alap
995 4631 1014 4670 a
1036 4632 1065 4670 se
1087 4615 1148 4688 apso
1170 4613 1359 4686 depravatam
1378 4630 1436 4670 esse

728 4718 885 4792 confitente.

283 4853 377 4933 1508.
406 4852 511 4914 Prima
542 4855 661 4916 mensis
690 4857 885 4918 novembris.
918 4856 1098 4937 Stephanus
1130 4857 1168 4917 de
1194 4857 1334 4939 Bachyn,
1357 4856 1435 4918 alias

174 4959 270 5022 lector
295 4973 327 5022 et
351 4959 524 5021 canonicus
552 4961 684 5022 ecclesie
708 4963 932 5043 zagrabiensis,
957 4981 1064 5024 coram
1088 4963 1353 5025 reverendissimo
1378 4963 1434 5024 do-

174 5065 260 5128 mino
285 5065 375 5126 Luca
400 5065 550 5150 episcopo
567 5065 710 5128 eiusdem
727 5067 870 5147 ecclesie,
887 5088 945 5130 nec
962 5088 1027 5132 non
1046 5089 1096 5134 me
1113 5070 1238 5132 notario
1255 5083 1286 5132 et
1302 5069 1434 5134 testibus
