3900 5804
674 583 792 642 Statura
816 584 1108 646 praebendariorum.
1464 605 1523 666 305

282 691 290 696 -
300 691 311 696 -
327 689 695 696 --—-—--—------—
708 690 841 696 ——-
1029 691 1034 696 -
1046 689 1523 699 --——-———-.--.—...-..—

362 815 412 872 De
435 815 551 873 salario
572 813 683 870 domini
702 813 812 875 decani.

366 953 543 1030 Postremo,
567 964 603 1013 ut
626 953 781 1033 quoniam
806 951 957 1014 dominus
974 952 1115 1014 decanus
1131 965 1239 1015 noster
1255 953 1403 1016 universa
1419 965 1526 1016 nostra

262 1058 396 1140 negocia
419 1056 567 1139 diligenti
592 1071 623 1119 et
648 1071 756 1120 exacta
773 1077 847 1119 cura
871 1058 992 1139 ubique
1017 1067 1188 1140 promovet
1211 1071 1242 1120 et
1265 1059 1403 1138 ordinat,
1431 1059 1527 1139 igitur

263 1179 296 1226 ut
321 1183 403 1246 quos
431 1163 521 1224 labor
545 1163 672 1245 premit,
703 1183 882 1245 congruum
914 1175 971 1244 est,
1003 1177 1037 1226 ut
1061 1163 1120 1226 hos
1152 1165 1286 1247 dignum
1317 1185 1447 1247 quoque
1478 1184 1527 1226 se·

262 1284 377 1352 quatur
401 1269 620 1348 commodum,
656 1289 722 1350 quo
745 1269 851 1331 allecti
873 1270 1043 1332 alacriores
1066 1291 1098 1331 se
1123 1271 1208 1352 ipsos
1240 1284 1381 1353 prestent
1413 1271 1446 1332 in
1470 1273 1527 1332 ob-

261 1377 389 1458 sequiis.
422 1376 616 1436 Eamobtem
646 1395 705 1437 nos
736 1395 867 1457 quoque
891 1377 981 1455 moti,
1014 1375 1224 1456 decrevimus,
1248 1390 1283 1438 ut
1306 1397 1344 1438 ex
1376 1377 1527 1439 omnibus

261 1481 504 1542 testamentariis
528 1481 754 1561 legationibus,
778 1481 963 1542 elemosinis
986 1483 1228 1544 occurrentibus
1252 1495 1282 1544 et
1298 1483 1527 1562 oblationibus,

262 1589 401 1670 exceptis
417 1587 550 1648 decimis
566 1587 692 1666 nostris,
706 1586 793 1648 idem
806 1586 957 1650 dominus
970 1587 1111 1650 decanus
1127 1601 1235 1650 noster
1251 1589 1343 1650 tollat
1360 1587 1527 1672 dupplam.

363 1785 413 1858 De
435 1784 557 1858 reposito
578 1789 608 1841 et
628 1783 762 1860 expensis
784 1784 879 1841 nostri
898 1783 1017 1857 collegii.

365 1922 518 1984 Finaliter
542 1922 720 2001 statuimus,
745 1921 821 2003 quia
844 1921 952 2004 sepius
975 1921 1042 1984 imo
1067 1920 1246 2004 frequentia
1271 1935 1367 2005 atque
1403 1922 1527 1985 diversa

263 2029 356 2090 nobis
379 2041 546 2091 occurrant
570 2028 715 2110 negocia,
739 2047 975 2108 nonnunquam
1000 2029 1096 2091 etiam
1121 2029 1242 2106 ardua3
1278 2049 1318 2090 ne
1353 2041 1460 2090 autem
1491 2048 1528 2092 ea

262 2137 305 2196 ob
328 2134 496 2217 penuriam
521 2153 732 2217 expensarum
765 2131 949 2196 labefactari
981 2135 1146 2218 contingat
1176 2135 1256 2217 quin
1288 2135 1400 2218 pocius
1433 2155 1470 2197 ea
1496 2135 1528 2196 in

264 2241 472 2302 commodum
496 2253 640 2302 nostrum
665 2239 705 2301 ad
730 2252 876 2323 optatum
899 2238 996 2302 finem
1029 2241 1143 2304 deduci
1176 2241 1298 2324 possint
1330 2254 1361 2303 et
1391 2239 1528 2319 valeant,

264 2347 295 2407 in
320 2345 454 2427 singulis
477 2345 690 2407 divisionibus
722 2345 837 2407 nostris
861 2347 1053 2427 pecuniariis
1077 2367 1174 2410 unam
1198 2347 1385 2429 porcionem
1409 2345 1450 2408 ad
1474 2365 1528 2407 ne-

263 2453 421 2514 cessitates
446 2451 574 2533 collegii
598 2452 698 2513 nostri
723 2464 915 2513 reservatam
937 2471 1064 2534 semper
1088 2473 1155 2514 esse
1179 2454 1340 2515 volumus.

371 2591 543 2656 originalem
555 2591 714 2644 membrana.
725 2590 751 2642 ln
763 2590 854 2642 archiv
873 2590 932 2646 incl.
943 2595 1037 2646 Accad.
1048 2593 1141 2645 scient.
1153 2591 1256 2646 Slavsr.
1269 2592 1362 2644 merld.
1374 2587 1404 2643 ll.
1417 2591 1443 2642 b.
1465 2589 1522 2644 tlt.
