3752 5806
405 537 444 598 62
830 539 901 597 Dac.
925 536 977 597 60.
1005 571 1043 580 —
1073 540 1129 596 An.
1155 533 1248 613 1508.

405 764 520 825 nostris
544 762 722 844 magnificis
747 763 889 844 Georgio
908 763 948 824 de
970 765 1099 846 Kanysa
1119 777 1150 826 et
1167 764 1306 826 iohanni
1323 766 1491 826 Ernewsth
1508 767 1548 828 de
1565 767 1676 828 Chale-

404 870 539 952 thornya
565 870 783 948 contullimus,
800 869 950 952 ipsosque
975 870 1008 931 in
1033 871 1133 931 banos
1157 884 1283 931 nostros
1306 870 1500 948 suffecimus,
1516 872 1557 932 ad
1582 872 1677 934 cuius

405 977 654 1057 occupacionem
688 975 827 1036 eundem
853 976 1031 1057 Georgium
1059 977 1199 1058 Kanisay
1224 997 1297 1038 cum
1320 979 1415 1058 plena
1440 976 1676 1040 informacione

405 1095 436 1144 et
468 1082 616 1144 facultate
651 1095 768 1159 nostra,
802 1083 858 1142 illo
891 1083 954 1143 iam
988 1083 1089 1144 eciam
1124 1083 1286 1158 1nisimus;
1319 1083 1438 1144 idcirco
1467 1085 1619 1145 volumus
1644 1099 1676 1146 et

406 1188 549 1250 lidelitati
583 1201 684 1249 vestre
714 1187 827 1248 harum
852 1188 931 1248 serie
956 1187 1135 1249 firmissime
1161 1189 1392 1250 committimus
1415 1203 1447 1250 et
1470 1189 1674 1268 mandamus,

405 1310 563 1376 quatenus
596 1294 715 1355 amodo
751 1294 789 1354 ad
824 1295 954 1355 eosdem
987 1296 1088 1356 banos
1119 1309 1244 1356 nostros
1276 1295 1450 1373 attendere,
1475 1295 1617 1376 ipsisque
1641 1296 1675 1356 in

405 1401 556 1463 omnibus
580 1400 675 1460 licitis
699 1414 730 1461 et
754 1401 912 1461 consvetis
937 1420 1047 1481 parere
1071 1420 1197 1481 semper
1221 1415 1252 1462 et
1272 1403 1494 1482 obtemperare
1527 1415 1558 1462 et
1587 1421 1674 1480 casu,

405 1527 470 1587 quo
495 1507 562 1588 ipse
587 1507 732 1566 Andreas
756 1505 839 1566 Roth
864 1507 1016 1567 banatum
1041 1507 1147 1587 ipsum
1171 1506 1277 1567 eidem
1302 1506 1445 1588 Georgio
1463 1507 1674 1568 demandato

405 1627 435 1674 et
456 1611 682 1674 commissione
707 1625 824 1690 nostra,
849 1624 879 1672 et
902 1625 997 1692 prout
1021 1611 1071 1672 bic
1096 1631 1202 1672 coram
1228 1612 1321 1673 nobis
1345 1611 1406 1672 tide
1431 1633 1485 1674 sua
1511 1612 1674 1674 mediante

405 1739 436 1780 se
471 1718 609 1796 obtullit,
635 1718 747 1778 cedere
772 1730 802 1777 et
826 1718 995 1794 remittere,
1019 1717 1246 1798 resignareque
1277 1718 1389 1796 nollet,
1413 1738 1450 1778 ex
1475 1733 1550 1778 tunc
1574 1737 1674 1799 penes

406 1825 510 1907 ipsum
535 1824 633 1885 veluti
651 1823 844 1904 legittimum
863 1825 983 1884 banum
999 1838 1139 1884 vestrum
1158 1823 1243 1885 iuxta
1261 1823 1405 1885 eiusdem
1422 1823 1674 1904 requisicionem

405 1930 626 1994 universaliter
665 1930 839 2009 insurgere,
879 1929 1004 2010 sibique
1044 1929 1076 1990 in
1114 1929 1298 1990 huiusmodi
1339 1930 1555 2010 occupatione
1596 1928 1674 1990 dicti

405 2039 540 2099 banatus
564 2036 653 2098 omni
677 2035 798 2096 auxilio
818 2048 848 2096 et
872 2035 1077 2097 adiuvamine
1093 2035 1215 2114 adesse,
1237 2037 1380 2097 assistere
1397 2035 1503 2096 modis
1520 2035 1675 2096 omnibus

406 2145 559 2221 debeatis,
583 2157 614 2204 et
630 2142 719 2204 aliud
741 2144 773 2204 in
791 2157 947 2224 quantum
964 2143 1058 2224 capiti
1076 2155 1106 2204 et
1123 2143 1217 2204 bonis
1233 2143 1344 2204 vestris
1361 2142 1528 2204 consulere
1546 2141 1674 2222 cupitis,

406 2250 508 2313 lacere
533 2250 621 2311 nulla
645 2249 773 2310 racione
797 2249 997 2330 presumatis.
1031 2249 1149 2311 Datum
1173 2249 1263 2310 Bude
1288 2250 1321 2310 in
1346 2248 1426 2310 festo
1451 2247 1676 2310 conversionis

406 2357 489 2420 beati
515 2354 604 2416 Pauli
630 2355 777 2436 apostoli.
801 2360 897 2416 Anno
922 2355 1044 2416 domini
1070 2355 1243 2417 millesimo
1268 2355 1528 2437 quingentesimo
1545 2366 1674 2416 octavo.

426 2463 432 2474 '
510 2479 541 2542 (Α
560 2477 655 2542 tergo).
676 2460 891 2522 Prudentibus
907 2474 938 2522 et
954 2461 1189 2542 circumspectis
1203 2461 1300 2542 judici
1318 2475 1348 2522 et
1364 2461 1483 2541 juratis,
1495 2460 1675 2539 ceterisque

406 2568 528 2630 civibus
553 2581 583 2628 et
605 2567 663 2629 toti
689 2567 911 2628 communitati
935 2566 1072 2628 civitatis
1088 2581 1194 2628 nostre
1213 2566 1504 2648 Montisgrecensis,
1522 2564 1676 2626 fidelibus

405 2674 498 2734 nobis
523 2673 656 2734 dilectis.

511 2811 647 2878 Originale
668 2813 692 2864 in
713 2814 810 2864 charta.
835 2813 856 2863 Α
875 2819 953 2878 tergo
972 2813 1129 2878 impressum
1149 2819 1191 2864 est
1210 2814 1326 2879 sigillum
1346 2814 1438 2865 maius.
1461 2813 1488 2864 ln
1507 2813 1607 2862 archiv.
1628 2813 1675 2864 lib.

405 2916 458 2964 reg.
480 2901 529 2956 civ.
549 2903 653 2966 zagrab.

1000 3133 1065 3197 60.

510 3271 583 3322 huno
606 3271 679 3331 1508,
699 3273 741 3323 28.
761 3272 848 3322 martii
877 3271 973 3322 budae.

404 3397 582 3454 Baltlcasarc
604 3398 638 3454 dc
661 3401 747 3473 Alap,
773 3401 920 3472 capitanea
939 3399 1067 3470 gentium
1091 3398 1161 3455 levis
1184 3406 1353 3454 amtatarac
1375 3398 1405 3453 in
1435 3397 1567 3472 Craatia,
1591 3416 1675 3455 accu-

403 3511 495 3573 sante,
520 3503 684 3561 Vladc'slaas
707 3523 762 3562 rcx
784 3505 890 3574 Lucae,
913 3505 1037 3577 episcopa
1053 3503 1245 3578 aagrabt'cnsc',
1259 3503 1412 3576 praecepit,
1431 3511 1464 3559 ut
1478 3503 1673 3576 Stephanum,

403 3611 569 3668 canonicum
600 3611 739 3681 lactarem,
761 3619 858 3683 paena
890 3610 1013 3684 afficiat,
1040 3611 1111 3684 quia
1141 3610 1339 3667 documentum
1363 3606 1507 3683 sussionis
1544 3610 1672 3684 csicsdem

765 3717 956 3773 Baltltasaris
979 3717 1012 3772 dc
1035 3718 1112 3789 Alap
1135 3716 1316 3788 depravavit.

510 3854 708 3916 Wladislaus
739 3854 790 3916 dei
824 3856 930 3936 gracia
962 3875 1016 3916 rex
1050 3855 1215 3937 Hungarie
1239 3867 1270 3914 et
1294 3853 1447 3915 Bohemie
1471 3867 1531 3914 etc.
1565 3853 1672 3914 fideli

403 3975 513 4022 nostro
537 3960 712 4020 reverendo
745 3961 778 4021 in
803 3959 932 4023 Christo
956 3963 1048 4043 patri,
1073 3961 1206 4022 domino
1231 3961 1328 4038 Luce,
1357 3959 1510 4042 episcopo
1535 3959 1671 4020 ecclesie

404 4066 628 4148 zagrabiensis,
651 4066 786 4127 salutem
811 4080 841 4128 et
864 4068 1014 4148 graciam.
1049 4067 1194 4130 Graviter
1219 4067 1426 4147 conqueritur
1448 4065 1543 4126 nobis
1567 4063 1674 4126 fidelis

404 4185 511 4234 noster
542 4171 689 4252 egregius
720 4171 885 4232 Balthasar
913 4172 952 4233 de
987 4171 1080 4254 Alap,
1104 4173 1289 4253 capitaneus
1312 4171 1462 4252 gencium
1486 4184 1672 4232 nostrarum

403 4279 483 4340 levis
507 4291 665 4339 armature
690 4278 723 4338 in
750 4277 896 4357 Croacia,
913 4277 1001 4359 quod
1026 4279 1172 4359 quamvis
1193 4278 1258 4359 ipse
1276 4277 1336 4339 hoc
1349 4277 1506 4358 superiori
1523 4291 1672 4358 ternpore

404 4386 496 4447 certis
518 4397 549 4446 et
572 4384 788 4445 racionalibus
811 4403 847 4444 ex
872 4384 974 4444 causis
995 4383 1157 4464 quandam
1175 4382 1347 4444 fassionem
1365 4382 1405 4444 de
1425 4396 1457 4444 et
1473 4401 1570 4463 super
1585 4395 1672 4444 certa

404 4504 491 4571 parte
528 4489 740 4570 quarumdam
778 4491 1018 4572 possessionum
1051 4509 1180 4551 suarum
1213 4489 1246 4549 in
1280 4488 1433 4550 comitatu
1469 4489 1672 4568 zagrabiensi

403 4595 594 4673 habitarum,
612 4597 739 4656 cuidam
756 4595 893 4657 lohanni
912 4597 1054 4678 Posegay
1078 4614 1186 4656 coram
1204 4593 1386 4656 honorabili
1403 4595 1542 4656 condam
1561 4594 1671 4656 blasio

404 4701 442 4761 de
466 4701 622 4779 Dombto,
641 4701 866 4764 archidiacono
891 4715 922 4763 et
947 4703 1102 4762 canonico
1127 4700 1270 4762 eiusdem
1295 4699 1428 4761 ecclesie
1453 4699 1672 4780 zagrabiensis

404 4805 523 4884 lecerit,
556 4807 686 4887 ipseque
719 4808 856 4868 condam
891 4808 1015 4868 Blasius
1046 4807 1160 4869 seriem
1187 4805 1374 4868 huiusmodi
1399 4804 1547 4866 fessionis
1570 4825 1683 4872 manu.

403 4933 459 4974 sua
485 4914 612 4994 propria
637 4914 889 4995 consignaverit3
909 4927 1015 4975 tamen
1040 4927 1151 4994 expost
1171 4913 1304 4993 quidam
1321 4911 1471 4992 magister
1488 4911 1672 4992 Stephanus

403 5019 502 5080 lector
523 5032 553 5078 et
574 5020 746 5081 canonicus
764 5019 851 5082 illius
868 5020 1000 5080 ecclesie
1017 5033 1119 5082 vestre
1136 5018 1311 5099 excogitata
1329 5016 1470 5098 quadam
1487 5017 1671 5078 dolositatis
