3732 5802
826 567 900 628 Doc.
920 577 976 642 99.
1003 599 1041 608 -
1067 567 1125 626 An.
1150 577 1236 641 1511.

1000 792 1064 859 99.

502 935 576 987 Anno
596 936 658 988 circ.
681 935 756 988 1511.
775 931 930 998 Zagrabiae.

502 1063 710 1140 juramentum
728 1060 854 1135 parochi
873 1077 966 1118 novae
981 1059 1141 1133 paracletos
1163 1059 1359 1134 sagrabicnsr's
1380 1079 1402 1120 s.
1420 1060 1554 1123 Mariae.

503 1201 573 1284 Ego
597 1202 636 1265 N.
661 1201 841 1284 prepositus
869 1199 1000 1261 ecclesie
1024 1211 1131 1261 sancte
1156 1177 1256 1261 Maris
1281 1198 1321 1261 de
1345 1200 1513 1280 Zagrabia,
1537 1199 1609 1281 juro
1627 1214 1665 1262 et

396 1309 560 1391 promitto,
580 1307 668 1390 quod
689 1308 729 1368 ab
752 1305 810 1368 hac
830 1305 908 1367 hora
929 1305 961 1367 in
983 1317 1076 1367 antea
1096 1303 1200 1367 fidelis
1221 1325 1277 1367 ero
1297 1307 1392 1368 beato
1412 1307 1479 1387 regi
1503 1306 1667 1389 Stephano

397 1428 428 1476 et
451 1414 525 1476 huic
548 1415 632 1476 alme
656 1413 789 1476 ecclesie
808 1412 1006 1493 zsgrabiensi
1027 1425 1058 1473 et
1078 1411 1137 1474 toti
1155 1411 1228 1474 'eius
1248 1412 1400 1495 capitulo,
1416 1425 1572 1494 tanquam
1589 1433 1666 1476 vero

396 1533 428 1582 et
451 1519 631 1584 indubitato
659 1519 780 1604 prefate
803 1519 936 1582 ecclesie
961 1538 1031 1581 mee
1056 1531 1204 1601 patron0,
1229 1518 1383 1600 quodque
1408 1519 1494 1582 bona
1518 1519 1665 1582 eiusdem

396 1627 529 1688 mobilia
558 1627 678 1690 scilicet
706 1641 737 1690 et
761 1625 940 1688 immobilia
963 1638 1029 1687 tam
1054 1625 1095 1687 ad
1120 1625 1242 1687 cultum
1266 1625 1424 1705 divinum,
1449 1625 1666 1706 decoremque

398 1745 428 1794 et
451 1746 677 1796 ornamentum
701 1734 734 1795 in
759 1733 825 1815 ipsa
846 1732 989 1811 ecclesia,
1011 1751 1108 1814 quam
1129 1732 1226 1794 etiam
1247 1731 1286 1792 ad
1310 1751 1403 1794 usum
1425 1731 1547 1796 ibidem
1569 1733 1667 1793 servi-

395 1838 524 1900 encium
548 1839 656 1902 relicta
681 1853 712 1901 et
736 1839 897 1922 deputata,
922 1851 1015 1920 puta:
1040 1839 1161 1916 vineas,
1186 1837 1311 1916 domos,
1336 1836 1416 1919 jura,
1435 1839 1667 1920 possessiones,

396 1945 605 2028 proprietates
625 1959 656 2008 et
675 1946 753 2008 alias
771 1944 930 2027 quaslibet
952 1963 1001 2006 res
1022 1943 1331 2026 quomodocumque
1352 1957 1383 2006 et
1405 1943 1667 2026 qualiterumque

396 2051 436 2114 de
469 2051 537 2133 jure
568 2052 609 2115 ad
639 2052 775 2116 eandem
807 2063 985 2133 spectantes
1017 2064 1048 2113 et
1077 2050 1282 2132 pertinentes,
1306 2070 1371 2113 non
1400 2050 1576 2133 dissipabo,
1601 2037 1666 2113 non

395 2158 593 2242 dilapidabo,
618 2178 724 2240 neque
747 2158 906 2234 alienabo,
931 2170 986 2219 sut
1010 2156 1184 2219 distraham
1208 2157 1430 2238 aliquatenus;
1455 2157 1535 2238 quin
1560 2157 1668 2238 potius

395 2265 557 2347 dissipata,
586 2264 771 2347 dilapidata,
800 2264 947 2326 distracta
978 2284 1034 2326 seu
1067 2263 1205 2326 alienata
1238 2283 1296 2345 pro
1330 2283 1422 2346 posse
1456 2264 1666 2345 recuperabo.

396 2370 530 2450 Statum,
554 2371 734 2433 sanctiones
765 2383 798 2432 et
828 2369 1075 2432 c‘onsvetudines
1104 2369 1285 2432 laudabiles
1308 2383 1341 2431 et
1362 2371 1556 2452 approbatas
1580 2369 1666 2451 apud

395 2476 546 2540 dominos
577 2496 666 2539 meos
698 2475 805 2538 habita
837 2489 868 2538 et
899 2477 1077 2556 existentes,
1102 2495 1165 2558 que
1198 2489 1229 2537 et
1262 2495 1341 2558 quas
1370 2474 1468 2537 iidem
1494 2473 1536 2536 ad
1560 2488 1668 2536 meet

394 2581 561 2644 ecclesiam
591 2601 697 2645 meam
728 2582 904 2665 predictam
929 2581 1099 2644 extendere
1123 2581 1297 2661 voluerint,
1320 2583 1512 2660 observabo,
1538 2581 1666 2664 ipsique

394 2688 536 2770 capitulo
558 2702 589 2751 et
608 2689 743 2771 singulis
764 2688 953 2751 eorumdem
974 2687 1119 2770 personis
1139 2688 1172 2750 in
1192 2687 1287 2750 licitis
1307 2701 1338 2750 et
1358 2687 1501 2750 honestis
1523 2687 1667 2750 debitam

393 2796 611 2858 reverenciam
643 2808 675 2857 et
706 2794 929 2857 obedienciam
961 2794 1119 2877 prestabo.
1145 2793 1279 2858 Cultum
1311 2793 1458 2855 divinum
1487 2793 1520 2854 in
1551 2793 1666 2855 eadem

395 2899 528 2962 ecclesia
565 2920 635 2964 mea
665 2920 724 2984 pro
755 2920 848 2984 posse
880 2900 1108 2982 augmentabo.
1143 2898 1338 2981 Capellanos
1366 2899 1481 2975 bonos,
1512 2899 1666 2962 adminus

394 3019 457 3068 tres
490 3027 638 3087 numero,
666 3027 724 3090 pro
755 3027 855 3090 penso
879 3007 1039 3068 servitutis
1062 3005 1171 3068 divine
1195 3005 1315 3068 ibidem
1340 3005 1512 3088 explendo,
1536 3007 1666 3070 tenebor

396 3112 526 3174 Missam
560 3132 659 3176 unam
690 3113 834 3194 qualibet
865 3113 917 3174 die
948 3112 1027 3176 hora
1060 3123 1220 3195 oportuna
1253 3112 1292 3173 de
1325 3113 1417 3174 beata
1441 3112 1567 3193 virgine
1592 3131 1666 3174 cum

337 3245 340 3252 ’
394 3231 488 3280 cantu
509 3219 615 3280 debite
637 3219 790 3305 celebrari
810 3232 841 3280 et
857 3219 1019 3280 decantari
1036 3216 1161 3280 faciam.
1181 3218 1316 3280 Festivis
1333 3231 1439 3280 autem
1453 3217 1569 3280 diebus
1586 3217 1665 3280 duas

392 3324 504 3386 missas
524 3325 670 3387 similiter
690 3344 763 3387 cum
784 3337 889 3405 cantu,
909 3345 1008 3387 unam
1030 3324 1069 3388 de
1090 3327 1182 3386 beata
1205 3324 1330 3406 virgine
1354 3325 1437 3386 circa
1463 3323 1579 3386 horam
1600 3325 1662 3386 diei

393 3429 541 3511 primam,
565 3431 697 3493 alteram
721 3432 876 3493 maiorem
898 3431 937 3494 de
959 3429 1038 3492 festo
1063 3430 1270 3513 cumprimis
1294 3444 1324 3493 et
1349 3431 1498 3492 secundis
1518 3431 1664 3494 eiusdem

394 3533 463 3596 festi
481 3537 620 3619 vesperis
637 3537 814 3616 absolvam,
834 3537 1023 3617 absolvique
1044 3549 1075 3598 et
1098 3535 1206 3619 perfici
1231 3535 1357 3615 faciam,
1375 3536 1435 3598 nisi
1453 3556 1546 3598 casus
1562 3549 1594 3599 et
1612 3555 1665 3598 ne·

394 3642 521 3703 cessitas
538 3642 731 3704 inevitabilis
748 3642 943 3704 contrarium
959 3641 1082 3722 aliquid
1099 3642 1240 3704 evaserit.
1255 3640 1400 3704 Colonos
1416 3642 1514 3704 etiam
1531 3643 1664 3705 ecclesie

393 3765 465 3808 mee
481 3746 614 3828 prefate,
628 3747 682 3828 qui
702 3748 734 3808 in
750 3747 917 3808 territoriis
933 3747 1140 3808 dominorum
1158 3767 1305 3808 meorum
1323 3761 1354 3808 et
1366 3747 1498 3829 capituli
1513 3749 1664 3826 resident,

394 3851 426 3912 in
445 3852 672 3914 communibus
689 3852 833 3914 eiusdem
851 3853 981 3934 capituli
994 3865 1025 3914 et
1038 3853 1170 3914 ecclesie
1183 3872 1255 3914 mee
1268 3852 1409 3935 predicte
1423 3854 1666 3916 necessitatibus

393 3957 605 4039 emergendis,
622 3957 690 4019 sine
712 3957 965 4020 contradictione
986 3958 1025 4019 ad
1048 3958 1236 4040 mandatum
1253 3958 1329 4020 dicti
1347 3959 1478 4041 capituli
1496 3959 1548 4022 vel
1565 3959 1665 4022 offici-

392 4062 491 4123 alium
509 4063 607 4145 ipsius
624 4062 665 4124 ad
682 4082 795 4144 operas
812 4083 1030 4145 quascumque
1048 4079 1079 4125 et
1096 4064 1223 4125 labores
1235 4062 1400 4126 faciendos
1413 4064 1584 4128 exhibebo.
1596 4067 1664 4127 Jus-

393 4187 455 4248 que
479 4168 626 4231 cathedre
651 4169 877 4232 archidiacono
902 4170 1101 4251 zagrabiensi
1114 4183 1145 4231 et
1161 4171 1223 4232 alia
1240 4191 1349 4251 onera,
1364 4170 1520 4233 hactenus
1536 4171 1664 4234 racione

392 4272 494 4352 plebis
517 4275 667 4337 translate
690 4275 781 4336 reddi
802 4289 833 4337 et
855 4277 977 4338 restitui
997 4277 1102 4356 solita,
1119 4277 1179 4338 nisi
1200 4291 1382 4359 temporum
1404 4297 1555 4360 processu
1580 4277 1661 4340 lorte

394 4378 588 4460 benignitate
602 4381 803 4462 superiorum
818 4402 836 4442 a
849 4383 1016 4444 solucione
1030 4383 1143 4445 talium
1159 4383 1292 4445 ecclesia
1306 4384 1372 4467 ipsa
1386 4403 1456 4445 mea
1470 4381 1664 4444 sufficienter

393 4482 558 4563 eximatur,
582 4487 712 4548 reddam
745 4501 776 4548 et
799 4488 974 4552 restituam.
999 4489 1164 4570 Quodque
1188 4509 1355 4570 nunquam
1380 4503 1490 4552 contra
1515 4489 1665 4551 dominos

394 4603 482 4646 meos
498 4587 537 4648 de
555 4591 696 4670 capitulo
719 4605 750 4654 et
771 4593 867 4654 etiam
889 4593 970 4655 alios
988 4595 1151 4676 quoslibet
1169 4595 1210 4657 ad
1227 4596 1313 4678 ipsos
1329 4596 1536 4678 pertinentes,
1554 4615 1663 4657 causas

394 4687 516 4770 aliquas
532 4694 582 4755 vel
607 4695 677 4760 lites
700 4697 777 4758 alibi
798 4698 983 4761 immediate
1002 4720 1099 4780 quam
1117 4721 1225 4763 coram
1242 4701 1384 4783 capitulo
1400 4715 1582 4763 memorato
1596 4721 1662 4762 mo·

394 4796 475 4854 vebo
499 4811 529 4857 et
553 4799 728 4879 intentabo,
745 4822 851 4883 neque
871 4805 911 4865 ab
932 4805 1053 4868 eisdem
1074 4821 1148 4868 ante
1168 4807 1364 4869 sentenciam
1381 4807 1525 4890 ipsorum
1545 4806 1663 4869 diffini·

396 4895 493 4958 tivam
510 4920 565 4981 per
583 4903 668 4984 ipsos
684 4905 716 4966 in
731 4909 833 5000 causis
845 4909 1032 4971 huiusmodi
1047 4924 1078 4972 et
1090 4911 1201 4974 litibus
1214 4911 1265 4972 vel
1279 4911 1334 4973 lite
1346 4912 1504 4994 prolatam
1519 4912 1560 4974 ad
1573 4933 1663 4996 supe·

394 4999 492 5062 riores
512 5024 656 5088 quosque
674 5016 864 5092 procurabo.
881 5015 925 5077 lta
944 5035 995 5078 me
1012 5017 1092 5079 deus
1108 5018 1239 5100 adjuvet
1254 5031 1285 5080 et
1301 5017 1359 5081 hec
1376 5039 1400 5081 s.
1415 5019 1466 5081 dei
1484 5021 1661 5102 evangelia.

498 5123 611 5178 Rubrum
630 5133 784 5199 capitulare,
804 5135 829 5185 ln
849 5138 966 5191 archivo.
985 5140 1080 5192 Accad.
1100 5139 1199 5193 Solent.
1219 5140 1325 5194 Slavor.
1345 5143 1437 5196 merid.
1457 5143 1487 5196 ll.
1508 5157 1530 5196 c.
1551 5147 1593 5196 49.
