3752 5806
652 541 724 604 Dec.
742 555 795 620 49.
815 577 851 586 -
873 545 928 602 An.
947 542 1037 620 1506.
1436 567 1470 627 51

279 647 367 653 --.-—.-
410 649 605 655 -——-—-—.
930 653 972 656 .—
992 651 997 656 .
1019 650 1148 657 ——u
1180 653 1271 659 ——-
1291 655 1312 660 .-

208 781 288 845 sunt,
313 768 393 830 dum
420 768 465 829 sic
488 781 523 829 ut
553 769 747 850 premittitur
778 783 957 850 agerentur,
982 791 1120 832 unacum
1150 771 1249 834 altero
1273 776 1399 838 notario
1422 777 1474 838 hic

208 873 291 934 idem
315 874 496 956 subscripto
520 887 551 935 et
573 874 717 953 testibus,
734 875 915 956 requisitus,
931 895 1061 956 presens
1084 875 1224 956 interfui,
1241 898 1343 960 eaque
1360 881 1425 942 vidi
1444 897 1475 944 et

207 979 326 1058 audivi,
348 981 387 1041 de
412 981 529 1060 quibus
552 979 650 1041 fidem
673 995 791 1042 certam
816 980 923 1042 officio
948 983 1009 1043 mei
1027 981 1277 1045 thabeliionatus
1294 987 1473 1066 requirente

206 1082 298 1146 facio.
332 1086 536 1148 Presentibus
567 1087 689 1148 ibidem
721 1087 895 1148 venerabili
930 1088 1064 1150 domino
1098 1088 1287 1172 Seraphin0,
1310 1093 1473 1173 preposito

204 1191 304 1252 sancti
329 1191 496 1253 salvatoris
520 1205 550 1253 et
574 1193 730 1254 canonico
755 1192 887 1254 ecclesie
912 1193 1134 1255 chanadiensis
1159 1209 1189 1255 et
1205 1195 1371 1258 Anthonio
1388 1217 1474 1278 pres·

205 1297 309 1358 bitero
341 1298 554 1379 prebendario
587 1299 618 1360 in
648 1299 775 1361 civitate
805 1300 925 1362 montis
954 1299 1123 1362 Grecensis
1155 1299 1239 1362 iuxta
1272 1301 1473 1384 Zagrabiam,

204 1403 343 1484 aliisque
356 1423 453 1484 quam
469 1404 615 1486 pluribus
634 1405 767 1467 testibus
783 1404 953 1486 fidedignis
970 1407 1010 1468 ad
1028 1406 1180 1488 premissa
1197 1407 1328 1486 vocetis,
1345 1411 1473 1490 rogatis,

204 1509 323 1591 pariter
349 1523 380 1570 et
402 1511 573 1591 requisitis.

312 1616 354 1676 Et
389 1635 450 1696 ego
483 1615 642 1698 Georgius
673 1617 712 1678 de
749 1617 937 1701 Prasnycza,
972 1633 1065 1682 natus
1097 1621 1263 1704 Stephani,
1299 1621 1473 1684 canonicus

205 1721 341 1783 ecclesie
366 1721 569 1801 chasmensis‚
593 1724 748 1804 presbiter
772 1724 927 1786 dioecesis
955 1727 1180 1806 zagrabiensiS‚
1204 1747 1291 1789 sacra
1315 1727 1473 1810 imperiali

203 1828 395 1889 auctoritate
425 1829 568 1890 notarius
600 1829 748 1910 publicus
778 1830 811 1890 in
846 1831 946 1893 literis
979 1832 1141 1910 omnibus,
1166 1853 1229 1914 que
1261 1834 1473 1916 suprascripta

203 1947 289 2012 sunt,
314 1933 394 1995 dum
417 1934 461 1995 sic
486 1949 521 1994 ut
546 1936 740 2016 premittitur
764 1949 943 2017 agerentur,
962 1956 1091 2018 presens
1115 1938 1256 2018 interfui,
1281 1959 1382 2020 eaque
1406 1940 1472 2001 vidi

203 2053 234 2101 et
259 2021 381 2120 subivi,
405 2041 445 2101 de
469 2041 587 2122 quibus
610 2040 706 2103 fidem
730 2057 848 2105 certam
872 2043 980 2104 officio
1004 2043 1254 2106 thabellionstus
1278 2045 1341 2106 mei
1366 2046 1472 2128 requi·

204 2159 304 2224 rente,
330 2144 451 2229 lacio.')

311 2287 448 2352 Originale
475 2287 502 2339 in
528 2289 624 2340 charta.
655 2289 682 2340 ln
702 2288 820 2354 margine
839 2288 958 2340 interiori
978 2290 1136 2354 impressum
1162 2295 1203 2342 est
1221 2291 1337 2356 sigillum
1363 2297 1389 2343 et
1412 2294 1472 2344 eub-

203 2373 368 2440 scriptiones
397 2383 458 2426 sunt
486 2377 657 2428 notariorum.
682 2375 712 2428 ln
740 2379 836 2428 archiv.
866 2391 924 2430 ven.
946 2377 1009 2442 Cap.
1034 2379 1141 2443 zagrab.
1163 2379 1219 2431 Aet.
1246 2379 1307 2444 Cap.
1336 2385 1386 2432 ant.
1407 2381 1471 2434 fasc.

206 2463 247 2516 95.
269 2479 307 2516 nr.
330 2464 370 2514 ll.

224 2649 252 2728 Ἰ
274 2653 423 2728 Quomorlo
436 2653 568 2730 fortrena
590 2663 650 2713 tota
673 2652 768 2714 Pauli
789 2654 946 2726 Sisciensis,
969 2675 1067 2715 canon.
1084 2656 1203 2730 zagrab.
1221 2658 1371 2736 absumpta
1394 2662 1450 2719 sit:

309 2794 385 2844 Anno
405 2792 502 2846 domini
522 2794 662 2845 millesimo
687 2795 897 2862 quingentesimo
915 2799 1003 2852 sexto,
1022 2793 1113 2844 ultima
1133 2795 1176 2845 die
1196 2794 1330 2860 februarii,
1351 2797 1471 2850 Chasme.

202 2883 230 2934 ln
250 2883 392 2947 presencia
411 2882 625 2933 reverendissimi
645 2883 742 2933 domini
762 2882 838 2945 Luce,
854 2883 974 2947 episcopi
995 2883 1110 2933 eeclesie
1130 2884 1319 2946 aagrabiensis,
1343 2899 1373 2935 ac
1392 2887 1472 2950 pluri-

203 2985 305 3022 morum
325 2971 492 3022 dominorum
517 2969 718 3034 dignitatiorum
741 2985 771 3020 ac
790 2971 975 3022 canonicorum
1002 2971 1139 3036 utriusque
1159 2971 1267 3034 capituli
1287 2974 1469 3037 zagrabiensis

203 3065 230 3110 et
250 3059 414 3110 chasnensis
435 3059 614 3120 ecclesiarum,
628 3071 676 3108 nec
695 3059 873 3109 annaliorum
887 3059 1096 3122 presbiterorum
1109 3063 1134 3110 et
1148 3057 1303 3110 clericorum
1318 3063 1471 3128 astancium,

203 3149 295 3212 posita
321 3153 362 3200 est
389 3150 422 3198 de
447 3161 517 3198 novo
542 3147 615 3198 racio
641 3161 698 3198 cum
724 3147 852 3212 magistro
872 3145 1008 3210 Stephano
1035 3147 1137 3198 lectore
1160 3161 1190 3197 ac
1209 3149 1336 3200 canonico
1357 3151 1471 3202 ecclesie

202 3237 388 3301 zagrabiensis
405 3237 544 3300 prelibata
564 3237 597 3286 de
617 3241 643 3286 et
663 3249 744 3299 snper
763 3235 872 3285 introitu
892 3249 922 3285 ac
942 3235 1014 3284 exitu
1034 3235 1202 3298 pecuniarum
1222 3237 1332 3300 condam
1353 3240 1471 3303 magistri

204 3325 287 3388 Pauli,
307 3323 424 3388 Zythecz
448 3325 519 3388 dicti,
540 3323 658 3376 canonici
684 3323 807 3374 similiter
829 3323 944 3374 ecclesie
965 3323 1146 3387 zagrabiensis
1167 3324 1192 3374 in
1213 3325 1338 3375 extremis
1359 3327 1470 3392 relictis,

203 3429 254 3477 que
274 3415 307 3463 ad
328 3427 418 3463 manus
437 3411 555 3464 eiusdem
576 3412 684 3464 lectoris
706 3417 836 3476 tamqnam
856 3413 1007 3462 executoris
1028 3413 1182 3462 testamenti
1202 3413 1373 3466 devenerunt.

735 3585 949 3640 introitus:

203 3715 334 3778 Imprimis
354 3717 433 3778 prout
452 3713 520 3764 idem
543 3710 692 3776 Stephanus
712 3713 797 3762 lector
816 3726 863 3776 per
890 3713 994 3776 scripta
1020 3726 1110 3762 manus
1136 3727 1199 3762 suae
1220 3715 1345 3778 propriae
1366 3715 1470 3780 latetur,

274 3802 366 3854 babuit
385 3808 412 3852 et
431 3801 551 3866 percepit
570 3801 688 3851 florenos
708 3804 850 3850 sexcentos
870 3800 1038 3864 septuaginta
1058 3801 1133 3850 duos.

206 3891 271 3941 item
292 3889 379 3940 lassus
400 3895 442 3940 est
460 3889 616 3954 percepisse
631 3889 663 3940 ab
679 3888 782 3938 lladrea
800 3901 883 3950 spano
898 3888 1034 3951 provincie
1049 3887 1165 3952 lvranycb
1180 3889 1252 3939 iuxta

274 3982 400 4030 contenta
418 3977 570 4028 testamenti
608 4014 1253 4028 ...................
1278 3977 1303 4026 ti.
1323 3974 1372 4028 Vll

201 4066 223 4116 Α
244 4065 377 4130 Gregorio
397 4065 511 4129 pellisree
534 4064 657 4118 similiter
681 4101 1254 4115 ................
1280 4065 1304 4116 li.
1324 4063 1383 4118 XVI

201 4154 223 4204 Α
243 4155 357 4219 quodam
379 4151 465 4204 Stheli
481 4154 506 4204 in
526 4153 642 4218 lwaoych
677 4189 1252 4205 ................
1277 4154 1301 4206 li.
1321 4153 1343 4203 ll

203 4243 268 4293 item
288 4242 407 4293 devitiis
427 4246 453 4292 et
473 4243 551 4293 rebus
572 4242 690 4292 eiusdem
709 4240 832 4303 venditis,
852 4240 942 4290 habuit
960 4279 1251 4290 .........
1277 4241 1301 4294 fl.
1322 4239 1400 4291 XXIX

759 4364 864 4416 Summa
883 4333 1152 4428 percepcionisiacit
1177 4405 1182 4414 .
1212 4404 1217 4414 .
1247 4403 1252 4414 .
1278 4333 1471 4416 uss‘vttexx—vl

765 4539 912 4590 Exitus:

220 4666 385 4717 Preiatarum
411 4665 578 4729 pecuniarum
598 4670 677 4729 prout
697 4665 722 4714 in
742 4669 901 4714 testamento
921 4664 1039 4713 eiusdem
1060 4663 1179 4727 magistri
1200 4663 1273 4713 Pauli
1294 4663 1452 4716 continetur.

203 4771 333 4837 imprimis
353 4771 468 4822 ecclesie
487 4771 556 4821 beati
577 4769 704 4835 Stephani
723 4770 795 4835 regis
816 4769 898 4832 legati
924 4805 1250 4821 ..........
1275 4768 1299 4821 fl.
1320 4767 1387 4817 XXV

204 4859 254 4911 l'ro
274 4859 498 4911 reverendissimo
518 4859 623 4910 domino
646 4859 777 4922 episcopo
785 4893 1252 4908 ..............
1277 4857 1301 4907 li.
1323 4853 1394 4908 XXV

201 4949 239 4998 Ad
258 4951 379 4999 sanctum
399 4945 536 4998 Nicolaum
555 4945 685 5012 Zagrabie
713 4983 1003 4998 .........
1034 4973 1038 4982 -
1070 4983 1074 4990 .
1102 4981 1250 4996 .....
1274 4943 1299 4996 ll.
1318 4943 1341 4994 V

203 5039 242 5086 Ad
263 5039 368 5088 beatam
388 5035 516 5100 virginem
536 5037 567 5086 de
588 5035 716 5086 Abhacia.
747 5062 752 5072 ·
781 5071 1250 5086 ..............
1275 5031 1300 5084 fl.
1320 5029 1346 5079 V

1351 5117 1365 5145 1
