3808 5792
682 529 755 593 Doc.
781 547 852 596 201.
876 566 918 578 -
942 535 1000 593 An.
1024 527 1116 610 1526.
1470 549 1531 614 249

274 637 900 646 ——--———-·-——.-.-———..--.-

269 760 370 822 censis
393 772 502 822 contra
526 759 712 822 huiusmodi
737 759 899 822 libertates
931 779 1043 822 eorum
1067 760 1107 822 ad
1139 759 1341 823 solucionem
1374 760 1533 824 dictorum

267 866 461 928 tributorum
487 879 518 928 et
540 865 767 928 theloneorum
791 886 827 928 ac
850 865 891 928 ad
916 866 980 928 alia
1006 867 1191 948 gravamina
1217 867 1401 930 inconsueta
1433 880 1534 929 artare

269 984 299 1034 et
331 972 525 1054 compellere
561 972 680 1034 vellent
715 985 745 1033 et
777 971 955 1034 niterentur
987 973 1019 1034 in
1055 973 1232 1055 dampnum
1268 992 1304 1035 ac
1339 973 1535 1055 derogamen

269 1078 424 1141 libertatis
460 1078 638 1140 eorundem
673 1078 907 1160 gravissimum.
942 1079 1009 1140 Noa
1044 1080 1152 1160 itaque
1188 1092 1315 1162 accepta
1353 1098 1412 1162 pro
1446 1090 1535 1162 parte

269 1185 411 1268 ipsorum
434 1184 606 1267 superinde
630 1184 880 1266 supplicacione,
904 1184 1113 1267 volentesque
1138 1184 1269 1247 eoadem
1287 1185 1319 1246 in
1336 1183 1536 1246 libertatibus

270 1309 381 1352 eorum
404 1309 592 1353 conservare
616 1304 647 1352 et
670 1309 727 1372 per
750 1309 864 1352 omnes
887 1290 1034 1352 subditos
1056 1303 1182 1352 nostros
1214 1291 1393 1352 conservari
1421 1288 1535 1368 facere,

270 1394 477 1458 fidelitatibus
512 1397 624 1458 vestris
647 1409 679 1458 et
709 1408 850 1458 vestrum
887 1396 1058 1458 cuiuslibet
1093 1395 1206 1458 harum
1242 1397 1322 1458 serie
1357 1395 1537 1458 firmissime

269 1501 480 1584 precipientes
505 1501 735 1563 committimus
770 1513 801 1562 et
833 1500 1035 1582 mandamus,
1059 1502 1209 1583 quatinus
1233 1501 1352 1564 amodo
1386 1501 1537 1584 deinceps

270 1605 409 1689 prefatos
432 1620 628 1690 exponentes
652 1607 684 1669 in
708 1607 861 1670 omnibus
884 1627 996 1669 eorum
1021 1607 1222 1670 libertatibus
1245 1627 1302 1691 per
1336 1608 1428 1670 divos
1457 1607 1536 1670 olim

270 1732 360 1794 reges
383 1713 460 1794 ipsis
483 1713 642 1776 concessis
664 1726 696 1775 et
718 1733 775 1796 per
800 1733 859 1776 nos
883 1711 1078 1775 confirmatis
1101 1727 1210 1776 tenere
1233 1726 1265 1776 et
1288 1733 1477 1776 conservare
1501 1733 1537 1776 ac

269 1819 369 1881 teneri
395 1832 426 1880 et
449 1819 629 1880 conservati
665 1817 779 1898 facere,
815 1838 875 1880 nec
910 1836 975 1880 non
1013 1832 1122 1880 contra
1155 1819 1318 1901 quoslibet
1351 1818 1538 1900 illegitimos

271 1925 468 2007 impetitores
492 1939 521 1986 et
555 1925 791 2007 perturbatores
823 1925 917 2004 tueri,
940 1937 1107 2006 protegere
1131 1943 1167 1986 ac
1199 1923 1393 1987 indemniter
1426 1943 1537 1986 manu·

271 2045 379 2093 tenere
403 2031 509 2093 modis
544 2031 696 2093 omnibus
730 2029 873 2093 debeatis
896 2043 928 2092 et
950 2031 1125 2092 teneamini
1160 2044 1267 2094 nostre
1301 2031 1474 2093 Maiestatis
1505 2031 1538 2092 in

272 2157 407 2219 persona
431 2151 463 2199 et
485 2137 673 2199 auctoritate
698 2149 804 2198 nostra
828 2135 916 2218 regia
940 2137 1140 2218 presentibus
1173 2137 1265 2199 vobis
1299 2137 1332 2199 in
1356 2135 1416 2198 hac
1450 2149 1539 2218 parte

272 2261 421 2305 concessa
438 2257 470 2305 et
491 2243 642 2305 attributa
659 2262 695 2304 ac
712 2241 836 2324 justicia
853 2241 1027 2304 mediante.
1046 2242 1144 2304 Secus
1161 2243 1253 2305 nullo
1270 2242 1369 2305 modo
1385 2242 1539 2324 nullaque

273 2349 401 2410 racione
434 2347 558 2411 facturi.
595 2348 800 2411 Presentibus
833 2347 994 2431 perlectis,
1030 2348 1192 2411 exhibenti
1228 2349 1390 2411 restitutis.
1421 2348 1540 2410 Datum

273 2454 364 2516 Euda
388 2455 521 2517 sabbato
554 2454 588 2516 in
613 2453 756 2536 profesto
779 2453 956 2516 nativitatis
992 2454 1076 2516 beati
1102 2454 1234 2516 Joannis
1265 2455 1412 2537 baptiste.
1444 2458 1541 2516 Anno

274 2559 399 2622 domini
423 2560 598 2623 millesimo
622 2560 883 2644 quingentesimo
907 2559 1064 2641 vigesimo
1088 2574 1187 2624 sexto.

287 2698 294 2713 ⁸
380 2699 516 2765 originale
537 2701 562 2751 in
581 2701 680 2754 charta.
700 2700 728 2752 ln
748 2701 866 2766 margine
885 2701 1005 2754 inferiori
1025 2701 1183 2766 impressum
1203 2707 1244 2754 est
1264 2701 1389 2768 sigillata.
1402 2701 1430 2753 ln
1443 2701 1541 2754 archiv.

274 2788 334 2840 incl.
353 2788 446 2840 Atcad.
466 2789 559 2840 scient.
579 2785 682 2842 Slaror.
708 2787 800 2840 merld.

872 3072 956 3140 201.

379 3231 453 3281 Anno
476 3229 551 3282 1526.
569 3231 611 3283 24.
627 3231 703 3297 janll.
723 3229 751 3282 ln
770 3246 831 3284 arce
850 3231 969 3286 ldedved.

269 3376 405 3452 loannes
432 3374 609 3450 Torquatus,
643 3374 810 3436 Corbaut'ac
841 3395 931 3436 comes
960 3385 988 3436 et
1010 3379 1112 3452 banus,
1140 3377 1333 3451 possessiones
1365 3375 1491 3454 Sepm'ca
1514 3382 1544 3433 et

382 3478 525 3539 Slanovec
546 3481 599 3540 sub
621 3500 687 3540 arce
711 3482 839 3542 Mcdvcd
858 3485 940 3560 sitas,
947 3484 1069 3562 Joanni
1083 3483 1262 3542 Novakotvie‘
1279 3483 1355 3542 dono
1376 3483 1436 3541 dat.

383 3629 450 3690 Nos
475 3627 637 3690 lohannes
661 3647 769 3691 comes
792 3630 955 3693 Corbauie
989 3642 1047 3693 etc.
1073 3631 1175 3692 banus
1207 3630 1383 3709 Dalmacie,
1409 3628 1544 3692 Croacie

277 3748 309 3797 et
333 3734 505 3797 Sclauonie
529 3749 588 3795 etc.
613 3734 778 3797 Universis
793 3749 823 3797 et
840 3735 975 3818 singulis
991 3755 1099 3798 coram
1117 3736 1234 3817 quibus
1251 3749 1413 3818 presentes
1437 3748 1542 3797 nostre

277 3853 421 3924 patentes
444 3840 647 3922 pervenerint
671 3840 773 3902 littere
798 3841 933 3903 salutem
971 3854 1003 3903 et
1036 3841 1183 3923 gratiam.
1221 3841 1342 3903 Damus
1376 3841 1469 3903 vobis
1503 3839 1543 3900 ad

278 3945 442 4022 noticiam,
466 3946 554 4027 quod
579 3965 638 4008 nos
662 3947 830 4008 existentes
854 3947 955 4009 coacti
980 3961 1011 4009 et
1044 3946 1185 4008 adstricti
1210 3945 1361 4008 fidelibus
1385 3959 1415 4008 et
1438 3958 1544 4027 gratu-

278 4053 366 4114 tuitis
390 4052 531 4131 serviciis
555 4053 673 4133 egregii
700 4053 831 4115 Joannis
855 4052 1080 4132 Noualrouich,
1105 4072 1168 4134 que
1205 4053 1272 4136 ipse
1297 4053 1391 4115 nobis
1414 4071 1473 4135 pro
1497 4050 1545 4112 lo·

279 4178 389 4221 corum
414 4171 445 4220 et
467 4172 649 4241 temporum
675 4159 825 4220 varietate
843 4171 1024 4220 constanter
1040 4158 1185 4220 exhibuit
1201 4157 1398 4220 effundendo
1416 4156 1546 4238 sangui-

280 4283 354 4326 nem
378 4283 473 4325 suurn
497 4277 527 4326 et
550 4264 583 4325 in
609 4264 718 4326 duello
742 4283 815 4326 curn
833 4262 1017 4326 infidelibus
1040 4263 1114 4326 fidei
1134 4265 1303 4326 christiane
1321 4283 1427 4326 coram
1445 4262 1547 4325 oculis

280 4369 396 4432 nostris
419 4369 585 4431 victoriam
609 4383 784 4450 reportans,
810 4382 841 4431 et
864 4370 906 4431 ob
927 4383 1106 4453 respectum
1123 4370 1261 4431 aliorum
1280 4383 1431 4431 notorum
1448 4369 1545 4431 servi-

280 4477 415 4553 ciorum,
438 4495 499 4557 que
524 4475 556 4536 in
582 4474 678 4537 corde
701 4475 842 4555 gerimus
859 4474 1104 4553 considerand0,
1129 4474 1277 4536 dedimus
1295 4487 1326 4536 et
1342 4474 1547 4553 donavimus,

280 4583 382 4644 immo
406 4581 439 4643 in
462 4594 653 4664 perpetuum
678 4581 882 4663 ascripsimus
906 4580 966 4641 sibi
991 4593 1022 4642 et
1045 4580 1111 4642 suis
1135 4579 1308 4642 heredibus
1329 4580 1548 4662 possessiones

282 4707 345 4770 que
368 4687 571 4770 appellantur
587 4686 762 4768 Szepnicza
779 4699 811 4748 et
827 4686 1015 4749 Szlanowcz
1033 4685 1065 4747 in
1083 4686 1287 4768 pertinenciis
1311 4686 1403 4748 castri
1420 4685 1547 4748 Medwe

282 4811 356 4856 cum
390 4793 543 4855 omnibus
579 4792 784 4874 pertinenciis
818 4807 849 4854 et
884 4791 1007 4874 juribus
1046 4811 1240 4873 quecunque
1276 4792 1472 4874 pertinerent
1507 4791 1547 4853 ad

282 4898 411 4962 easdem
434 4900 662 4981 possessiones,
681 4912 714 4960 ut
737 4898 861 4982 possint
883 4898 928 4960 uti
954 4911 984 4959 et
1007 4911 1216 4960 manutenere
1241 4897 1399 4979 predictas
1424 4917 1546 4980 posses-

282 5006 388 5067 siones
412 5018 443 5067 et
467 5019 501 5068 ut
523 5024 620 5068 nemo
644 5005 744 5087 possit
767 5023 823 5066 eos
846 5003 880 5066 in
902 5003 1054 5087 predictis
1085 5003 1253 5088 impedire,
1277 5003 1331 5066 sed
1364 5003 1546 5066 deffendere
