3752 5806
406 564 443 606 10
813 545 885 606 Doc.
909 541 939 621 ό,
957 556 984 622 7.
1015 578 1053 590 -
1078 546 1136 608 An.
1156 556 1248 620 1500.

402 773 475 833 dem
507 773 708 838 introducere
742 785 773 834 et
802 772 950 835 instalare
983 772 1124 834 debeatis
1157 785 1187 834 et
1218 771 1403 850 teneamini,
1427 783 1461 832 ut
1492 791 1529 831 ex
1554 771 1669 832 litteris

402 879 518 940 nostris
549 880 731 961 patentibus
766 879 881 941 clarius
916 879 1095 960 intelligere
1128 877 1281 960 poteritis.
1306 876 1405 938 Aliud
1443 895 1508 937 non
1542 875 1667 938 facturi.

402 985 448 1047 Ex
473 985 564 1046 Buda
589 985 667 1046 leria
690 986 787 1047 tercia
810 985 956 1067 proxima
978 997 1050 1067 post
1075 984 1191 1046 festum
1217 983 1432 1046 Ascensionis.
1462 1004 1554 1063 ¹5⁰0·

509 1092 611 1153 Lucas
635 1091 754 1153 electus
777 1091 910 1154 ecclesie

553 1180 777 1261 zagrabiensis‚
805 1199 904 1242 manu
927 1179 1066 1262 propria.

506 1303 540 1366 (Α
561 1302 661 1368 tergo).
687 1285 931 1348 Venerabilibus
955 1285 1095 1346 dominis
1118 1284 1259 1366 capitulo
1283 1283 1417 1345 ecclesie
1433 1295 1541 1345 nostre
1557 1301 1668 1363 zagru-

403 1392 530 1470 biensis,
555 1391 703 1453 fratribus
728 1391 929 1453 charissimis.

509 1531 645 1596 Originale
664 1531 690 1582 in
710 1531 808 1584 charta.
826 1532 847 1582 Α
864 1535 941 1596 tergo
961 1533 1118 1595 impressum
1138 1537 1179 1581 est
1199 1527 1323 1595 sigillum.
1343 1529 1370 1580 ln
1390 1529 1487 1581 archiv.
1508 1543 1567 1580 ven.
1581 1529 1667 1592 Capit.

402 1621 498 1685 zagrab
526 1620 583 1673 Act.
603 1621 665 1685 Cap.
686 1625 737 1671 ant.
758 1620 821 1672 lasc.
841 1621 882 1672 79.
902 1633 939 1670 nr.
959 1621 1000 1672 36.

1016 1905 1051 1969 6.

509 2047 582 2100 Anno
606 2049 680 2113 1500,
701 2049 742 2100 25.
763 2048 924 2100 novembris.
944 2049 971 2099 ln
991 2044 1088 2099 lvanii.

403 2175 508 2244 Lucas,
534 2179 680 2249 episcopus
711 2176 914 2249 aagrabicnsa's,
943 2175 1067 2248 capimlo
1097 2171 1226 2240 ntandat,
1249 2177 1282 2226 ut
1301 2168 1393 2243 fidem
1423 2167 1530 2224 lrabeat
1558 2167 1672 2224 homini

805 2300 867 2338 cum
889 2281 979 2355 nisius
1001 2279 1148 2337 mandatis
1169 2279 1260 2337 muso.

510 2420 717 2482 Venerabiles
747 2419 868 2500 fratres,
892 2420 986 2482 nobis
1017 2419 1136 2480 dilecti.
1158 2417 1243 2490 Quia
1274 2434 1333 2476 nos
1364 2434 1421 2496 per
1444 2409 1669 2472 honorabilem

403 2526 590 2606 magistrum
614 2526 816 2589 Anthonium
841 2527 1031 2588 canonicum
1048 2537 1188 2586 vestrum
1212 2523 1244 2583 in
1269 2520 1352 2582 facto
1377 2517 1577 2580 honorabilis
1601 2535 1668 2577 ma-

403 2632 491 2713 gistri
505 2631 638 2714 Georgii
654 2633 804 2715 Barczay‚
822 2632 1038 2695 archidiaconi
1055 2630 1095 2692 de
1111 2630 1280 2707 Vrbowcz,
1296 2625 1443 2688 similiter
1459 2621 1669 2684 concanonici

403 2738 508 2816 vestri,
525 2738 682 2800 nonnulla
706 2739 799 2800 vobis
823 2739 1040 2799 intimavimus
1071 2734 1258 2813 reserenda,
1283 2733 1372 2794 cuius
1395 2729 1548 2792 relatibus
1571 2727 1668 2790 fidem

403 2843 509 2906 velitis
532 2843 683 2905 adhibere
707 2844 906 2923 creditivam,
929 2857 1025 2926 atque
1049 2845 1113 2905 suis
1138 2843 1238 2902 immo
1262 2837 1374 2920 pocius
1397 2834 1513 2896 nostris
1536 2833 1670 2916 peticio-

404 2949 498 3012 nibus
522 2952 755 3032 obtemperare.
773 2951 819 3012 Ex
844 2952 931 3013 curia
947 2965 1054 3012 nostra
1071 2945 1219 3030 lwanych
1236 2945 1268 3006 in
1286 2943 1367 3006 festo
1384 2943 1476 3003 beate
1494 2938 1669 3000 Katharine

404 3055 536 3137 virginis
561 3068 591 3116 et
615 3057 763 3118 martiris.
793 3077 884 3137 ¹50⁰·

511 3164 615 3224 Lucas
638 3163 808 3246 episcopus

554 3251 686 3314 ecclesie
715 3251 939 3334 zagrabiensis.

510 3374 544 3437 (Α
564 3375 665 3440 tergo).
690 3358 934 3420 Venerabilibus
958 3357 1106 3420 fratribus
1123 3354 1237 3417 nostris
1254 3349 1395 3432 capitulo
1414 3347 1546 3409 ecclesie
1563 3361 1669 3409 nostre

405 3465 629 3544 zagrabiensis‚
654 3466 748 3526 nobis
772 3465 804 3526 in
829 3463 957 3527 Christo
981 3464 1102 3526 sincere
1127 3460 1260 3522 dilectis.

513 3587 649 3652 Originate
679 3588 704 3639 ln
731 3589 829 3641 charta.
857 3589 885 3638 ln
915 3588 1011 3640 archiv.
1031 3601 1090 3638 ven.
1111 3585 1195 3650 Capit.
1214 3582 1321 3647 zagrab.
1348 3579 1405 3628 Act.
1425 3573 1510 3638 Capit.
1529 3579 1582 3628 ant
1602 3575 1668 3626 fasc.

405 3677 447 3728 83.
466 3691 504 3728 nr.
524 3677 566 3727 2³.

1020 3851 1053 3918 ¹7.

510 3996 583 4046 rinno
606 3993 680 4058 1500,
700 3994 723 4046 3.
745 3989 900 4045 decembris.
920 3991 947 4042 ln
966 3987 1062 4042 lvanld.

405 4126 509 4192 Lucas,
533 4124 678 4196 episcopus
707 4119 914 4193 aagrabt'ensis‚
940 4117 1087 4192 Stepham
1118 4120 1218 4176 [σείοντ’
1244 4120 1357 4193 confir!
1379 4121 1588 4194 canonizatum,
1613 4139 1669 4194 quo

405 4227 652 4299 Bartholomaeus,
676 4225 896 4283 archidiaconus
924 4225 957 4282 de
987 4225 1115 4282 Duboka
1138 4233 1166 4282 et
1186 4225 1342 4283 canoraicus
1367 4223 1500 4283 ecclesiae
1529 4226 1669 4296 Albenses,

791 4333 824 4390 in
846 4333 906 4389 cius
925 4333 1055 4405 gratiam
1076 4350 1108 4390 sc
1130 4331 1282 4390 abdicavit.

512 4471 720 4533 Venerabiles
751 4470 862 4532 fratres
892 4471 991 4532 nostri
1023 4469 1149 4532 dilecti!
1175 4470 1260 4544 Quia
1292 4490 1351 4532 nos
1378 4471 1505 4532 attentis
1529 4470 1671 4532 serviciis

407 4591 437 4638 et
462 4578 597 4638 utilitate
628 4577 818 4638 venerabilis
851 4577 992 4658 magistri
1017 4576 1170 4658 Stephani
1201 4577 1330 4638 lectoris
1361 4577 1506 4638 eiusdem
1539 4575 1671 4638 ecclesie

407 4695 524 4763 nostre,
549 4684 665 4764 quibus
696 4684 774 4766 ipse,
799 4684 845 4744 uti
869 4683 1054 4744 testimonio
1085 4683 1226 4764 plurium
1250 4683 1443 4765 accepimus,
1467 4682 1514 4744 illi
1539 4681 1671 4743 ecclesie

407 4802 513 4849 nostre
545 4789 696 4850 hactenus
724 4790 878 4851 attencius
910 4788 1000 4850 affuit
1031 4802 1061 4850 et
1092 4789 1199 4866 astitit,
1230 4789 1263 4849 in
1296 4788 1439 4850 futurum
1472 4807 1603 4869 quoque
1632 4807 1670 4848 eo

408 4895 510 4976 magis
542 4895 652 4956 adesse
676 4909 789 4976 potest,
814 4897 1038 4957 canonicatum
1069 4915 1124 4978 per
1148 4895 1365 4956 venerabilem
1398 4894 1570 4956 dominum
1595 4895 1670 4954 Bar—

408 4999 609 5060 tholomeum
633 5000 894 5062 archidiaconum
920 5001 959 5061 de
992 5001 1127 5063 Dobolra
1161 5015 1192 5063 et
1225 5002 1416 5062 canonicum
1441 4999 1668 5061 Transsilvane
