3732 5802
597 604 671 663 Dor.
696 619 764 680 1¹5·
790 638 830 648 -
855 607 913 666 An.
940 617 1022 680 1515.

171 825 298 904 unioni,
332 826 449 888 domus
482 828 686 909 prebendalis
717 830 815 892 modo
846 833 1000 912 premisso
1033 834 1196 912 erectioni,
1228 849 1259 898 et
1292 838 1439 900 omnium

170 951 297 1010 earum,
326 951 388 1012 que
423 935 575 1014 premissa
608 949 682 996 sunt
713 937 904 1016 obligationi
934 958 990 1020 per
1023 940 1153 1001 eosdem
1177 941 1314 1003 invicem
1348 942 1439 1022 facte,

170 1038 406 1119 composicioni
438 1053 469 1100 et
500 1041 671 1102 concordie
703 1061 760 1123 per
783 1042 902 1105 litteras
926 1059 1049 1107 nostras
1073 1047 1262 1108 auttenticas
1285 1062 1438 1130 patentes,

171 1157 318 1205 nostrum
353 1145 529 1226 benignum
553 1161 584 1208 et
607 1149 788 1228 graciosum
812 1151 1018 1230 preberemus
1040 1170 1242 1231 consensum,
1267 1167 1297 1214 et
1321 1167 1355 1214 ut
1378 1167 1439 1216 sta·

170 1263 337 1312 tueremus
369 1271 410 1313 ne
442 1253 510 1314 ullo
544 1273 687 1334 unquam
716 1274 863 1317 successu
895 1269 1077 1338 temporum
1101 1257 1236 1320 domum
1261 1260 1438 1341 predictam

170 1357 291 1438 aliquis
322 1360 495 1421 canonicus
526 1380 582 1422 seu
616 1362 805 1442 dignitatius
837 1363 969 1424 ecclesie
998 1379 1103 1425 nostre
1127 1385 1184 1446 per
1207 1366 1438 1446 cuiuscumque

170 1477 202 1524 et
231 1463 504 1546 qualemcumque
536 1466 798 1548 impetracionem
830 1487 885 1530 seu
918 1469 1132 1532 donacionem
1164 1483 1195 1532 et
1227 1472 1438 1533 collacionem

170 1570 243 1630 usui
268 1589 328 1631 suo
353 1585 384 1631 et
407 1591 464 1652 pro
488 1591 521 1633 se
546 1592 697 1654 usurpare
723 1593 778 1634 seu
802 1571 910 1636 tedere
927 1575 1036 1656 possit.
1055 1577 1122 1637 Nos
1138 1576 1233 1658 igitur
1250 1597 1322 1638 cum
1340 1578 1439 1640 simus

169 1675 311 1757 plurima
335 1678 533 1758 experientia
558 1678 642 1740 docti
668 1679 835 1760 quomodo
858 1680 1097 1762 predecessores
1121 1683 1219 1744 nostri
1243 1683 1286 1744 ob
1302 1683 1437 1746 salutem

169 1783 353 1844 animarum
386 1803 514 1846 suarum
547 1783 663 1846 domus
694 1786 903 1868 prebendales
936 1787 975 1848 de
1009 1787 1097 1868 ligno
1129 1789 1203 1850 satis
1231 1789 1384 1851 comodas
1408 1805 1438 1852 et

169 1887 335 1970 elegantes
359 1891 451 1952 certis
475 1891 693 1972 prebendariis
717 1892 832 1953 nostris
855 1905 1069 1972 extruxerunt,
1096 1894 1163 1975 ipse
1187 1909 1294 1956 tamen
1319 1895 1435 1958 domus

168 2015 207 2055 ex
234 2015 301 2076 quo
325 1996 364 2056 de
389 1997 477 2077 ligno
502 2011 600 2076 erant,
617 2017 682 2059 non
707 1997 844 2058 multum
866 1997 980 2060 durare
997 2013 1153 2080 poterant,
1170 2001 1245 2080 quia
1261 2001 1436 2082 putrefacte

169 2115 371 2180 corruerunt,
396 2117 468 2183 post
491 2122 626 2184 quarum
651 2102 875 2186 corruptelam,
896 2105 1061 2185 presbiteri
1086 2105 1189 2166 multo
1210 2119 1355 2189 tempore
1382 2109 1436 2189 qui

170 2207 281 2268 divina
306 2207 412 2270 officia
437 2209 468 2270 in
493 2209 561 2291 ipsa
582 2209 714 2270 ecclesia
732 2207 915 2288 cathedrali,
933 2229 996 2290 que
1013 2211 1203 2272 incumbunt
1219 2213 1437 2293 prebendariis

170 2312 283 2374 debito
314 2314 414 2376 modo
446 2329 476 2376 et
507 2317 627 2396 absque
652 2315 852 2396 negligencia
876 2329 906 2377 et
930 2315 1057 2377 defectu
1082 2318 1294 2397 absolverent,
1319 2319 1436 2382 habere

169 2419 210 2480 ad
243 2419 373 2481 easdem
406 2440 471 2482 non
498 2435 681 2504 potuerunt,
706 2441 742 2483 ea
770 2442 856 2500 vero,
882 2443 943 2502 que
972 2422 1011 2482 de
1041 2441 1134 2484 muro
1161 2422 1241 2486 fiunt
1266 2424 1297 2485 in
1323 2445 1434 2507 perpe·

170 2540 264 2586 tuum
289 2526 533 2606 quodammodo
558 2528 670 2590 durare
689 2528 866 2606 videantur,
884 2541 965 2590 erut
988 2528 1115 2588 divinus
1135 2529 1239 2590 cultus
1255 2530 1287 2592 in
1305 2531 1436 2593 ecclesia

170 2645 278 2693 nostra
303 2647 457 2714 augeatur
480 2633 676 2716 prefatorum
697 2634 837 2713 magistri
862 2633 1009 2715 Gregorii
1032 2635 1246 2697 archidiaconi
1264 2651 1295 2698 et
1311 2637 1434 2700 domini

171 2739 306 2820 Georgii
347 2740 548 2820 prebendarii
588 2741 647 2822 piis
682 2740 774 2818 votis,
810 2741 990 2821 sanctisque
1024 2754 1054 2800 et
1090 2739 1235 2802 felicibus
1271 2743 1436 2805 desideriis

170 2845 323 2925 benigne,
349 2844 564 2908 favorabiliter
582 2861 613 2908 et
628 2846 771 2926 graciose
793 2857 980 2922 annuentes,
998 2866 1033 2906 ex
1052 2865 1117 2926 quo
1134 2845 1198 2928 jam
1216 2847 1319 2910 dictus
1336 2849 1435 2910 archi-

169 2950 327 3012 diaconus
353 2951 452 3032 ipsam
482 2953 615 3014 domum
640 2965 829 3034 sumptuoso
854 2971 950 3032 opere
974 2951 1148 3033 complevit
1171 2965 1202 3013 et
1225 2956 1435 3034 consumavit,

169 3058 455 3138 composicionem,
490 3071 657 3120 tractatum
692 3071 722 3118 et
756 3058 961 3120 concordiam
997 3058 1036 3118 de
1070 3059 1229 3120 erectione
1261 3060 1376 3122 domus
1399 3081 1434 3122 ac

168 3163 296 3224 duabus
312 3165 416 3225 missis
432 3165 670 3226 ebdomadatim
689 3165 720 3225 in
738 3178 928 3246 perpetuum
946 3163 1145 3226 celebrandis
1161 3185 1196 3226 ac
1210 3166 1434 3245 annexionem,

169 3269 468 3352 incorporationem
486 3285 516 3332 et
529 3273 682 3333 unionem
696 3271 803 3332 altaris
815 3271 854 3332 ad
869 3270 1076 3352 prebendam,
1090 3291 1147 3332 nec
1161 3289 1226 3332 non
1240 3271 1433 3333 erectionem

168 3376 286 3438 domus
307 3396 365 3459 pro
386 3376 554 3438 sufficienti
574 3377 744 3438 dotacione
766 3378 872 3438 altaris
894 3391 924 3437 et
941 3375 1134 3438 fundacione
1151 3376 1307 3438 dictarum
1325 3379 1434 3440 missa-

168 3505 249 3563 rum,
280 3484 381 3545 modo
401 3485 566 3566 premisso,
583 3505 618 3546 ac
646 3484 883 3564 obligacionem
908 3501 1126 3544 successorum
1149 3482 1433 3562 prebendariorum

168 3591 242 3652 dicti
262 3591 388 3652 domini
407 3589 538 3672 Georgii
556 3590 595 3652 ad
613 3591 764 3672 premissa
782 3589 925 3656 unanimi
943 3601 1018 3649 voto
1037 3601 1067 3648 et
1082 3588 1150 3669 pari
1169 3587 1333 3648 voluntate
1350 3589 1433 3671 capi·

167 3697 313 3758 tulariter
329 3699 555 3779 approbamus,
572 3699 760 3758 roboramus
777 3709 807 3757 et
823 3694 1015 3756 ratificamus
1032 3715 1066 3756 ac
1084 3709 1228 3756 nostrum
1245 3694 1433 3774 benignum,

168 3802 379 3864 favorabilem
410 3817 440 3864 et
467 3804 647 3884 graciosum
680 3803 720 3862 ad
748 3802 856 3862 omnia
885 3815 915 3862 et
936 3799 1061 3882 singula
1086 3799 1237 3881 premissa
1263 3801 1434 3880 prebemus

167 3929 380 3985 consensum;
398 3909 549 3990 dictoque
573 3908 706 3970 domino
725 3907 866 3988 Georgio
888 3907 993 3988 ipsum
1016 3905 1114 3966 altare
1131 3906 1317 3968 auctoritate
1334 3907 1432 3967 nostri

166 4015 433 4098 jurispatronatus
457 4015 661 4092 conferimus,
686 4029 858 4076 statuentes
880 4028 910 4074 et
934 4012 1129 4090 ordinantes,
1147 4025 1181 4074 ut
1198 4011 1264 4091 ipse
1282 4011 1433 4073 dominus

167 4121 330 4204 Georgius
349 4122 579 4204 prebendarius
600 4137 631 4183 et
651 4135 753 4183 rector
772 4121 879 4183 altaris
902 4119 1035 4202 predicti
1052 4139 1176 4180 exnunc
1194 4133 1224 4180 et
1240 4119 1272 4180 in
1290 4119 1432 4181 futurum

165 4249 282 4290 omnes
311 4241 341 4290 et
372 4229 490 4309 singuli
524 4229 724 4310 prebendarii
759 4227 903 4288 eiusdem
932 4245 1128 4286 successores
1153 4225 1184 4286 in
1209 4227 1431 4306 assumptione

166 4337 268 4417 ipsius
291 4334 454 4418 prebende
478 4349 509 4396 et
531 4349 703 4397 rectoratus
731 4336 825 4396 nobis
849 4347 879 4396 et
903 4333 1138 4394 successoribus
1162 4333 1276 4392 nostris
1299 4331 1379 4413 juret
1401 4345 1432 4393 et

165 4441 273 4522 jurent
303 4441 343 4502 ad
375 4442 528 4522 premissa
560 4442 668 4503 omnia
700 4455 730 4502 et
762 4441 887 4520 singula
912 4459 950 4500 eo
975 4438 1073 4499 modo
1099 4457 1163 4518 quo
1189 4437 1335 4498 ordinata
1358 4452 1432 4500 sunt

164 4549 235 4610 sine
259 4549 371 4628 aliquo
396 4546 522 4610 defectu
546 4563 600 4609 aut
620 4548 798 4609 violacione
816 4546 1032 4620 observanda;
1051 4544 1137 4625 quod
1165 4545 1189 4604 si
1211 4563 1268 4624 pro
1286 4556 1431 4624 tempore

162 4655 284 4736 aliquis
317 4674 353 4715 ex
383 4653 459 4735 ipsis
481 4654 698 4735 prebendariis
722 4667 752 4714 et
775 4653 949 4713 rectoribus
973 4651 1056 4711 dicte
1081 4649 1242 4730 prebende
1268 4661 1298 4710 et
1323 4649 1431 4710 altaris

163 4761 232 4821 suis
265 4761 436 4822 virtutibus
469 4773 500 4822 et
526 4761 620 4821 laude
645 4759 750 4841 dignis
774 4759 895 4819 meritis
920 4757 1118 4838 exigentibus
1142 4754 1182 4817 ad
1207 4756 1429 4816 canonicatum

164 4868 199 4929 in
225 4868 293 4948 ipsa
318 4866 450 4927 ecclesia
474 4879 580 4926 nostra
604 4879 658 4926 aut
681 4865 759 4925 alias
783 4864 965 4946 promoveri
990 4863 1151 4940 meruerit,
1175 4883 1211 4923 ex
1233 4874 1319 4938 tunc,
1337 4875 1432 4942 prout

164 4972 322 5033 hactenus
353 4972 556 5033 laudabiliter
584 4974 787 5032 observatum
819 4969 879 5031 fuit
910 4983 940 5032 et
968 4983 1165 5046 consvetum,
1190 4988 1264 5029 mox
1289 4981 1319 5028 et
1344 4967 1430 5028 illico

163 5079 364 5162 prebendam
398 5080 498 5160 ipsam
525 5079 619 5140 simul
645 5098 716 5140 cum
742 5091 899 5156 rectoratu
924 5077 1058 5153 deserat,
1083 5095 1145 5156 que
1169 5074 1299 5136 tandem
1323 5075 1428 5134 statim
