3732 5802
387 536 445 617 158
802 538 875 595 Doc.
899 549 969 611 129.
992 569 1030 578 -
1054 536 1111 598 Aa.
1138 531 1225 610 1516.

382 644 434 650 --
450 643 988 650 ——-————..-.————-.-.——
1294 641 1365 648 --—-
1374 642 1646 648 ..ψ-

383 767 597 847 manibusque
632 765 723 844 meis,
749 784 856 826 coram
889 765 976 826 etin
1012 763 1176 846 presencia
1207 763 1337 824 testium
1374 761 1649 845 infrascriptarum

381 871 604 950 tradicionem,
640 870 782 954 prelatus
816 871 968 933 dominus
1009 870 1144 932 Michael
1178 869 1409 952 prebendarius
1444 869 1476 930 in
1510 888 1649 951 persona

380 979 492 1040 tocius
517 975 644 1057 collegii
684 996 741 1038 seu
779 976 1019 1038 communitatis
1058 975 1345 1058 prebendariorum
1384 974 1471 1036 chori
1507 973 1649 1056 sepefate

381 1083 513 1146 ecclesie
537 1082 751 1164 zagrabiensis
784 1083 864 1165 petit
897 1095 928 1144 et
961 1081 1129 1163 requisivit
1159 1081 1266 1142 debita
1302 1100 1375 1142 cum
1411 1081 1564 1142 instancia
1597 1101 1649 1142 me
1760 1111 1764 1120 v

381 1189 542 1252 notarium
576 1189 742 1271 publicum
766 1189 991 1270 subscriptum,
1016 1201 1051 1250 ut
1074 1207 1175 1249 unum
1198 1187 1250 1249 vel
1274 1187 1377 1269 plura,
1401 1186 1568 1268 publicum
1592 1207 1650 1248 seu

381 1295 510 1378 publica
547 1292 738 1357 conficerem
772 1295 1020 1356 instrumentum
1049 1313 1105 1356 seu
1142 1293 1363 1371 instrumenta,
1399 1291 1487 1374 quod
1524 1305 1555 1353 et
1588 1291 1650 1354 leci

380 1401 489 1463 officio
511 1401 575 1462 mei
598 1400 849 1462 thabellionatus
873 1401 1080 1462 incumbente
1105 1413 1136 1461 et
1161 1399 1327 1461 communi
1344 1397 1467 1480 justicia
1486 1398 1649 1460 suadente.

380 1511 459 1569 Acta
483 1519 556 1568 sunt
579 1507 637 1569 hec
659 1519 691 1568 et
715 1505 795 1568 facta
820 1527 916 1586 anno,
941 1506 1134 1586 indiccione,
1158 1505 1221 1584 die,
1247 1523 1368 1583 mense,
1392 1503 1480 1583 hora,
1505 1504 1581 1566 loco
1618 1516 1651 1565 et

381 1612 568 1696 pontificatu
592 1613 673 1674 sicut
690 1631 795 1695 supra.
814 1612 1019 1674 Presentibus
1034 1611 1279 1678 honorabilibus
1302 1623 1334 1672 et
1350 1609 1493 1671 discretis
1508 1610 1651 1671 dominis

382 1719 476 1781 Petro
513 1719 553 1782 de
600 1717 794 1781 Petbrovina
831 1718 999 1802 capellano
1045 1717 1301 1780 reverendissimi
1336 1715 1459 1778 domini
1495 1715 1649 1798 prepositi

381 1825 586 1905 chasmensis,
611 1825 718 1888 blasio
743 1825 782 1886 de
818 1824 1151 1914 Welykevcapellano
1175 1845 1211 1884 ac
1246 1822 1377 1905 egregio
1413 1821 1571 1883 Michaele
1610 1822 1649 1883 de

383 1931 569 2014 Schytary0,
593 1951 651 1993 nec
675 1951 740 1993 non
765 1931 867 1993 nobili
903 1944 934 1992 et
969 1931 1200 2013 circumspecto
1233 1931 1357 1992 loanne
1390 1929 1430 1990 de
1465 1929 1651 2011 Koznycza,

382 2038 545 2120 Stephano
569 2037 707 2100 litterato
732 2038 772 2100 de
796 2039 867 2100 vico
893 2038 1035 2099 Abbacie
1071 2037 1196 2098 notario
1221 2037 1364 2118 publico,
1388 2035 1525 2115 aliisque
1551 2055 1650 2116 quam

381 2145 526 2226 pluribus
551 2143 721 2226 fidedignis
744 2145 878 2207 testibus
910 2145 949 2206 ad
975 2145 1128 2226 premissa
1162 2145 1282 2206 vocatis
1306 2157 1338 2205 et
1361 2143 1393 2204 in
1427 2142 1649 2203 testimonium

382 2240 611 2332 premissorum
636 2250 807 2332 requisitis.

488 2358 527 2418 Et
549 2376 609 2438 ego
635 2355 826 2438 Stephanus,
851 2369 943 2418 natus
969 2357 1088 2418 Mathie
1113 2357 1153 2418 de
1179 2357 1355 2438 Lepsyncz,
1381 2355 1514 2416 clericus
1539 2373 1650 2435 zagra-

329 2491 332 2498 ’
382 2463 499 2524 biensis
523 2463 668 2544 dyocesis
693 2481 779 2523 sacra
803 2462 990 2523 auctoritate
1023 2463 1198 2544 apostolica
1222 2461 1367 2522 notarius
1391 2461 1550 2542 publicus,
1574 2458 1650 2540 quia

381 2569 542 2650 premissis
557 2568 782 2650 appellacioni,
796 2568 1020 2646 insinuacioni,
1038 2567 1273 2650 protestacioni,
1286 2566 1489 2648 perleccioni,
1507 2565 1651 2626 affixioni

381 2687 412 2734 ct
435 2675 584 2735 manibus
607 2673 687 2735 meis
710 2673 877 2735 tradicioni
903 2694 939 2735 ac
964 2673 1169 2752 exhibicioni,
1194 2672 1411 2754 omnibusque
1436 2671 1507 2733 aliis
1531 2685 1563 2732 et
1587 2671 1650 2731 sin·

381 2781 475 2862 gulis,
501 2781 577 2841 dum
603 2780 647 2841 sic
661 2793 696 2840 ut
719 2780 912 2862 premittitur
937 2779 1048 2840 herent
1072 2794 1103 2841 et
1127 2793 1306 2860 agerentur,
1332 2799 1470 2840 unacum
1488 2778 1652 2859 prenomi-

382 2887 463 2948 natis
487 2887 620 2948 testibus
651 2905 779 2968 presens
815 2885 955 2964 interfui,
979 2885 1154 2966 omniaque
1190 2897 1221 2946 et
1255 2884 1381 2965 singula
1416 2884 1571 2965 premissa
1607 2883 1650 2944 sic

382 2993 449 3054 lieri
474 2990 538 3054 vidi
564 3008 595 3054 et
618 2993 739 3070 audivi,
763 2992 837 3053 ideo
861 2992 922 3054 hoc
947 3013 1076 3074 presens
1093 2992 1258 3073 publicum
1278 2991 1525 3052 instrumentum
1552 3010 1649 3051 manu

382 3100 522 3178 alterius,
546 3119 597 3160 me
633 3100 704 3160 aliis
739 3099 943 3181 prepeditum
980 3099 1133 3180 negociis,
1169 3099 1332 3180 scriptum,
1365 3098 1480 3158 exinde
1516 3095 1650 3174 confeci,

340 3269 343 3276 ,
382 3207 540 3288 signoque
564 3221 595 3267 et
619 3207 750 3268 nomine
774 3225 810 3266 ac
834 3205 1029 3285 cognomine
1055 3206 1134 3266 meis
1157 3205 1260 3266 solitis
1285 3218 1316 3264 ct
1340 3204 1501 3265 consvetis
1525 3203 1650 3283 consig-

383 3313 455 3374 navi
481 3327 511 3373 et
535 3313 681 3374 roboravi
707 3313 739 3372 in
765 3311 861 3372 fidem
898 3326 929 3373 et
952 3312 1175 3372 testimonium
1211 3310 1358 3371 omniunt
1383 3323 1413 3370 et
1447 3309 1650 3390 singulorum

383 3419 612 3500 premissorum
637 3430 765 3498 rogatus
787 3417 904 3499 pariter
928 3431 958 3478 et
982 3417 1163 3497 requisitus.

488 3557 623 3622 Originale
643 3557 668 3608 iu
688 3558 786 3621 charta,
805 3557 830 3608 in
850 3557 947 3610 archiv.
966 3558 1095 3608 honorab.
1116 3556 1237 3621 Collegii.
1259 3555 1523 3608 Praebendariorunt.

978 3841 1060 3906 129.

488 4005 565 4053 Anno
589 4002 662 4054 1516.
687 4003 725 4054 18.
745 4001 868 4066 Augusti.
887 3999 1044 4065 Zagrabiae.

383 4131 515 4188 Parocltt'
532 4131 657 4188 civitates
682 4130 826 4203 Zagralie
848 4131 987 4186 aureliani
1008 4117 1037 4185 se
1051 4125 1173 4206 jubam
1203 4127 1234 4185 T
1229 4127 1315 4184 horta
1338 4125 1488 4184 curdrhale'
1500 4121 1650 4198 collegium

544 4237 822 4310 praebendariorum
844 4235 878 4291 de
900 4234 1003 4292 balneo
1026 4236 1145 4308 litigans
1168 4235 1198 4290 in
1221 4233 1360 4301 yicdict'um
1383 4233 1491 4292 citasse.

489 4377 629 4458 Egregio
654 4376 782 4436 Andree
818 4374 948 4454 Chesio,
973 4374 1081 4436 comiti
1117 4385 1147 4435 et
1180 4371 1425 4455 prothonotario
1460 4371 1649 4452 apostolico,

382 4483 504 4544 arcium
530 4497 560 4544 et
584 4482 783 4545 decretorum
810 4481 945 4559 doctori,
969 4501 1005 4542 ac
1029 4500 1114 4541 sacre
1139 4479 1303 4559 theologie
1334 4475 1518 4559 professori,
1537 4495 1649 4558 prepo-

382 4590 443 4650 sito
468 4588 645 4650 chasmensi
671 4603 701 4649 et
717 4588 872 4650 canonico
885 4586 1094 4668 zagrabiensi,
1108 4603 1267 4666 causeque
1284 4597 1314 4645 et
1340 4583 1441 4644 causis
1459 4602 1495 4642 ac
1508 4581 1649 4664 partibus

385 4693 592 4776 infrascriptis
615 4714 633 4756 a
657 4693 923 4755 reverendissimo
949 4693 980 4752 in
1006 4691 1134 4753 Christo
1171 4703 1259 4772 patre
1280 4702 1311 4750 et
1336 4687 1482 4766 domino,
1517 4686 1649 4748 domino
1721 4715 1733 4780 ι·

384 4800 513 4861 Thoma
539 4815 597 4862 etc.
622 4813 728 4862 sancte
752 4799 836 4861 sedis
859 4799 1035 4880 apostolice
1059 4797 1099 4858 de
1124 4797 1221 4858 latete
1245 4795 1361 4876 legat0,
1386 4793 1485 4874 judici
1511 4805 1542 4854 et
1565 4809 1648 4852 com-

384 4907 530 4967 missario
554 4907 732 4988 specialiter
765 4906 930 4988 deputato,
967 4903 1101 4965 domino
1137 4915 1247 4963 nostro
1283 4898 1491 4982 precolendo,
1528 4897 1648 4958 Blasius

383 5011 483 5073 sancti
507 5011 662 5074 lobannis
686 5012 819 5094 baptiste
844 5011 884 5073 de
909 5030 991 5071 nova
1027 5008 1112 5086 villa,
1137 5008 1216 5069 alter
1253 5005 1378 5072 Blasius
1416 5003 1517 5065 sancti
1553 4999 1646 5062 Marci
