3732 5802
387 541 444 620 156
800 511 873 601 Dor.
896 549 964 616 127.
991 572 1030 582 -
1055 539 1110 596 An.
1135 534 1224 614 1516.

381 768 582 851 presumatis,
606 787 646 830 ne
671 780 826 849 cogantur
849 767 949 830 iidem
972 780 1168 850 exponentes
1190 766 1329 848 amplius
1352 779 1460 828 nostre
1480 781 1653 848 propterea

382 875 535 955 conqueri
561 874 729 936 Maiestati.
754 875 958 937 presentibus
981 873 1139 956 perlectis,
1163 871 1326 933 exhibenti
1349 873 1512 934 restitutis.
1530 872 1653 935 Datum

383 979 474 1044 Bude
500 980 532 1042 in
558 980 669 1061 vigilia
694 978 866 1043 festi-beati
885 980 1040 1042 lobannis
1056 979 1202 1063 baptiste.
1220 984 1316 1040 Anno
1333 979 1457 1040 domini
1474 979 1653 1042 millesimo

383 1086 643 1167 quingentesimo
668 1099 757 1148 sexto
781 1086 917 1149 decimo.
1599 1149 1603 1156 ,

911 1192 1042 1254 Relacio
1067 1192 1209 1274 magistri
1232 1193 1369 1272 Nicolai,
1386 1193 1546 1254 secretarii
1564 1193 1654 1275 regie

910 1299 1094 1363 Maiestatis.

489 1457 627 1524 originale
646 1457 671 1508 in
691 1458 788 1510 charta
808 1457 835 1509 ln
854 1457 973 1522 margine
992 1457 1111 1509 inferiori
1131 1455 1290 1522 impressum
1319 1459 1361 1508 est
1380 1456 1506 1523 sigillum.
1526 1455 1554 1508 ln
1574 1457 1654 1511 areli.

383 1559 441 1598 ven.
462 1547 541 1611 capit.
560 1548 666 1612 zagrab.
686 1551 744 1600 Act.
766 1547 829 1612 Cap.
850 1551 901 1598 ant.
922 1547 985 1599 fasc.
1009 1548 1052 1600 to.
1071 1561 1109 1598 nt.
1130 1546 1172 1600 ts.

975 1831 1055 1900 12⁷.

491 1989 568 2040 Auro
590 1989 664 2042 1516.
686 1990 762 2041 initio
782 1991 895 2056 augusti.
917 1988 1075 2055 Zagrabiae.

392 2115 547 2190 Collegium
563 2119 846 2191 praebendariorum
868 2127 968 2176 contra
986 2117 1232 2192 provocationem,
1262 2135 1349 2190 quam
1381 2097 1547 2176 Demetrius
1562 2126 1642 2192 prae

499 2227 612 2299 positus
640 2227 766 2284 Thomas
788 2226 940 2285 cardinali
960 2226 1069 2294 obtulit,
1092 2224 1183 2281 sedem
1206 2225 1370 2281 Romanam
1393 2227 1533 2299 appellat.

491 2365 576 2427 Cum
600 2366 830 2454 appellacionis
853 2365 1032 2427 remedium
1055 2377 1114 2426 etc.
1133 2361 1221 2446 quod
1244 2361 1444 2424 honorabilis
1468 2362 1654 2425 Demetrius

386 2483 521 2532 assertus
544 2472 725 2555 prepositus
749 2471 882 2534 ecclesie
898 2473 990 2533 beate
1008 2470 1107 2532 Matie
1125 2469 1258 2550 virginis
1274 2469 1307 2529 in
1324 2489 1398 2530 area
1410 2469 1577 2552 capitulari
1594 2471 1654 2531 Za·

384 2577 493 2656 grabie
510 2591 699 2657 constructe,
723 2577 868 2660 proxime
881 2577 1038 2660 preteritis
1052 2575 1166 2638 diebus
1180 2553 1232 2637 me
1245 2575 1429 2638 Dionisium
1442 2575 1603 2638 decanum
1622 2591 1654 2638 et
1728 2597 1736 2608 ·

385 2695 485 2744 totam
509 2684 773 2746 communitatem
797 2703 853 2746 seu
877 2683 1051 2764 collegium
1080 2681 1368 2764 prebendariorum
1392 2681 1481 2743 chori
1516 2682 1652 2744 ecclesie

386 2790 600 2870 zagrabiensis
624 2791 752 2853 racione
776 2790 942 2852 cuiusdam
970 2789 1077 2851 balnei
1110 2807 1209 2870 penes
1239 2786 1374 2849 fluvium
1409 2787 1654 2850 Medwednicza

385 2895 484 2956 habiti
509 2916 616 2958 coram
651 2911 681 2959 et
705 2898 737 2958 in
762 2897 959 2979 presenciam
993 2893 1244 2958 reverendorum
1277 2893 1484 2955 dominorum
1513 2894 1645 2956 canoni·

387 3021 497 3064 corum
522 3017 552 3064 et
576 3004 707 3085 capituli
731 3004 815 3065 alme
840 3003 973 3065 ecclesie
996 3001 1212 3084 zagrabiensis
1243 3000 1385 3082 predicte
1408 2999 1571 3078 citaverat,
1596 3000 1652 3062 ubi

386 3109 516 3169 servatis
540 3109 580 3171 de
604 3109 672 3191 jure
695 3110 869 3188 servandis,
893 3109 992 3170 iidem
1016 3107 1140 3170 domini
1165 3107 1310 3169 canonici
1335 3121 1366 3168 et
1390 3107 1569 3188 capitulum
1594 3107 1652 3168 rite

387 3228 418 3275 et
441 3214 596 3295 legittime
621 3237 657 3278 ac
678 3217 832 3278 canonice
856 3215 1077 3297 procedentes,
1103 3214 1256 3275 balneum
1272 3212 1457 3274 huiusmodi
1474 3212 1652 3294 litigiosum

388 3320 465 3381 mihi
491 3335 521 3382 et
544 3322 602 3383 toti
627 3323 849 3383 communitati
874 3341 931 3382 seu
956 3320 1095 3402 collegio
1120 3320 1263 3402 predicto
1298 3318 1548 3397 adiudicassent,
1592 3319 1650 3400 ipsi

389 3427 553 3490 Demetrio
578 3442 697 3490 asserto
721 3428 886 3511 preposito
910 3427 1079 3489 silencium
1103 3439 1295 3508 perpetuum
1328 3425 1542 3506 imponentes.
1580 3425 1654 3498 Quo

388 3533 456 3594 viso
481 3533 621 3616 prelatus
646 3535 828 3597 Demetrius
851 3548 987 3596 assertus
1011 3533 1191 3615 prepositus
1215 3551 1280 3592 non
1315 3531 1394 3593 alias
1417 3550 1516 3612 quam
1544 3531 1652 3592 animo

389 3638 561 3720 injuriandi
586 3654 617 3703 et
640 3662 691 3703 me
717 3642 900 3703 Dionisium
925 3641 1094 3719 decanum,
1118 3653 1284 3720 totamque
1308 3637 1575 3699 communitatem
1599 3655 1652 3698 seu

389 3747 561 3827 collegium
587 3749 696 3810 litibus
719 3748 875 3826 vexando,
900 3746 1059 3808 turbando
1092 3760 1123 3807 et
1148 3743 1350 3806 molestando
1385 3743 1418 3804 in
1455 3743 1650 3826 presenciam

388 3852 644 3915 reverendissimi
669 3855 792 3916 domini
818 3853 947 3916 Thome
969 3852 1150 3931 cardinalis,
1176 3849 1406 3931 strigoniensis,
1432 3861 1463 3909 et
1478 3847 1652 3929 apostolice

388 3958 472 4020 sedis
496 3960 592 4042 legati
617 3961 722 4022 minus
746 3961 827 4042 juste
851 3975 881 4022 et
915 3959 1057 4021 indebite
1090 3977 1218 4040 causam
1261 3969 1293 4017 et
1326 3975 1436 4016 causas
1467 3952 1651 4015 huiusmodi

389 4067 579 4146 appellasset
602 4081 633 4129 et
655 4080 859 4149 provocasset
883 4080 914 4128 et
935 4065 995 4128 hoc
1020 4085 1085 4128 non
1109 4064 1172 4126 alia
1197 4081 1362 4140 excausa,
1387 4059 1447 4121 nisi
1484 4059 1562 4140 quia
1593 4077 1651 4139 ego

390 4174 511 4256 etipsa
536 4175 749 4236 communitas
772 4175 900 4236 racione
924 4192 990 4233 non
1014 4169 1267 4233 adiudicacionis
1290 4167 1346 4229 sed
1378 4163 1652 4246 compensacionis

390 4300 601 4362 expensarum
626 4281 658 4342 in
682 4300 776 4342 causa
800 4280 953 4362 premissa
978 4279 1124 4340 senciens
1148 4295 1208 4338 nos
1230 4285 1388 4356 gravatos,
1405 4290 1443 4332 ex
1460 4289 1528 4352 quo
1545 4269 1651 4331 habito

391 4401 421 4446 et
444 4387 611 4469 principali
636 4399 667 4448 et
701 4386 908 4468 subsequenti
941 4405 999 4468 pro
1035 4383 1129 4446 nobis
1154 4381 1228 4444 lerri
1263 4379 1411 4454 debebat,
1446 4395 1513 4438 non
1548 4389 1651 4437 autem

391 4493 601 4574 compensari,
625 4493 665 4555 ad
689 4493 924 4554 sanctissimum
948 4492 981 4552 in
994 4489 1135 4552 ·Christo
1169 4500 1293 4570 patrem
1328 4497 1360 4546 et
1390 4481 1574 4561 dominum,
1598 4480 1651 4541 do·

392 4598 516 4659 minum
556 4599 710 4678 Leonem,
750 4598 859 4660 divina
898 4596 1105 4680 providencia
1144 4612 1260 4676 papam
1300 4591 1483 4667 decimum,
1523 4588 1651 4668 eiusque

391 4717 532 4765 sanctam
555 4705 664 4766 sedern
688 4704 908 4786 apostolicam,
933 4704 966 4764 in
990 4722 1027 4764 ea
1051 4701 1215 4763 dumtaxat
1237 4711 1326 4782 parte
1350 4717 1414 4779 qua
1431 4715 1568 4778 expense
1591 4692 1652 4754 litis

393 4825 423 4872 et
447 4830 539 4871 cause
563 4811 690 4874 racione
715 4810 900 4872 huiusmodi
925 4809 1032 4871 balnei
1060 4807 1192 4889 litigiosi
1216 4803 1421 4888 compensate
1457 4800 1591 4864 fuissent
1621 4811 1652 4859 et

394 4931 496 4977 essent
516 4917 758 4998 appellavimus,
787 4917 899 4978 volens
923 4929 953 4977 et
970 4913 1139 4977 intendens
1162 4912 1303 4995 prelatus
1319 4909 1503 4973 Demetrius
1520 4917 1651 4970 assertus

392 5023 571 5104 prepositus
605 5043 661 5104 per
691 5023 877 5086 huiusmodi
912 5041 1003 5083 suam
1038 5019 1187 5088 frivolam
1222 5017 1490 5100 appellacionem,
1515 5026 1650 5076 nostram
