3900 5804
805 549 926 609 Statura
949 547 1241 605 Praebenduriorum.

748 637 936 644 -..----———-
1104 635 1257 643 —·—-—-·-
1296 639 1469 650 -——..—
1488 645 1500 650 -
1526 644 1662 650 --—.

399 777 702 844 raret,autcurreret
718 762 759 824 ad
775 761 1041 843 conquerendum
1068 759 1208 822 dominis
1224 761 1311 844 ipsos
1326 767 1533 847 provocando
1550 781 1660 828 contra

400 870 520 949 fratres,
544 884 659 932 extunc
683 889 721 930 eo
746 867 830 930 lacto
854 867 1031 950 privabitur
1055 866 1217 928 consortio
1241 881 1273 930 et
1294 873 1503 952 proventibus
1524 892 1590 935 uno
1614 873 1664 935 in-

398 991 488 1059 tegro
512 996 610 1056 anno,
634 989 664 1037 et
688 993 754 1037 uno
778 974 841 1054 die,
866 985 925 1036 etc.

509 1190 598 1264 Quod
617 1192 648 1246 iu
670 1189 763 1247 missis
786 1189 1039 1263 confraternitate
1060 1189 1181 1262 quilibet
1194 1190 1298 1264 fraur
1330 1211 1418 1266 usque
1440 1193 1483 1251 ad
1501 1194 1593 1268 finem
1614 1193 1664 1254 sit.

506 1328 630 1390 Eodem
656 1327 707 1388 die
733 1327 819 1389 idern
844 1324 955 1388 fratres
978 1339 1156 1389 statuerunt
1179 1341 1210 1390 et
1232 1331 1494 1411 terminaverunt,
1512 1330 1601 1413 quod
1623 1331 1664 1394 de

399 1447 505 1496 cetero
530 1435 562 1495 in
585 1433 689 1495 missis
712 1431 990 1509 confraternitatis,
1014 1432 1164 1495 videlicet
1187 1434 1319 1516 virginis
1356 1436 1523 1499 benedicte
1548 1451 1579 1499 et
1602 1438 1664 1498 Re·

399 1541 519 1622 quiem,
544 1559 657 1602 omnes
681 1539 792 1600 fratres
817 1537 954 1600 finaliter
977 1557 1179 1619 perseverare
1211 1529 1368 1618 debeant}
1392 1543 1418 1604 si
1443 1562 1518 1604 vero
1547 1543 1666 1623 aliquis

399 1665 478 1708 ausu
494 1645 664 1708 temerario
689 1643 852 1706 recesserit
874 1644 943 1705 sine
967 1643 1096 1706 licentia
1120 1645 1244 1726 decani,
1268 1660 1383 1708 extunc
1407 1648 1476 1709 talis
1492 1647 1662 1709 habebitur

399 1772 458 1835 pro
483 1755 625 1814 absente.

498 1950 614 2026 Juuior
629 1949 735 2023 frater
754 1945 866 2005 sensuri
887 1946 1009 2005 bonores
1030 1948 1173 2008 exhibent.

505 2078 654 2141 Tandem
687 2079 783 2140 etiarn
816 2091 1004 2156 statuerunt,
1038 2080 1125 2159 quod
1158 2079 1429 2161 quandocumque
1463 2081 1522 2162 ipsi
1555 2079 1666 2141 fratres

400 2186 522 2248 vadunt
545 2185 585 2246 ad
609 2184 822 2261 offertorium,
847 2184 953 2246 nullus
987 2183 1117 2245 debebit
1151 2184 1321 2267 precedere
1355 2185 1514 2246 seniorem
1549 2185 1609 2246 sibi
1631 2185 1666 2246 in

400 2291 507 2354 eundo
531 2291 571 2352 ad
597 2291 682 2353 idem
717 2289 934 2365 offertorium3
968 2291 1024 2352 sed
1056 2292 1242 2352 observetur
1266 2291 1320 2352 ille
1352 2291 1457 2352 honor
1480 2291 1561 2352 sicut
1585 2291 1668 2351 inter

399 2399 549 2461 dominos
562 2398 733 2460 canonicos
749 2397 910 2458 observari
927 2398 1040 2459 solitus
1065 2411 1120 2460 est.
1141 2397 1246 2459 Simili
1268 2397 1378 2476 modo,
1403 2396 1534 2478 quando
1554 2394 1666 2458 fratres

399 2521 553 2568 vocantur
576 2504 616 2565 ad
641 2505 749 2585 aliqua
771 2503 918 2565 convivia
943 2503 1168 2583 communiter,
1187 2503 1296 2564 nullus
1319 2503 1419 2564 alium
1444 2502 1593 2586 precedat
1616 2523 1666 2564 se·

400 2611 524 2672 niorem
549 2630 593 2690 se,
617 2609 657 2672 ad
682 2628 826 2671 mensam
858 2609 1007 2670 locando.

506 2807 620 2866 Secreta
643 2809 769 2881 t'psomm
791 2806 969 2862 dominorum
995 2806 1259 2864 Prebeuduriorum
1289 2807 1415 2864 celentur
1445 2814 1473 2863 et
1494 2807 1664 2866 ocultentur.

504 2925 639 3011 Insuper
663 2929 738 2989 dicti
756 2927 866 2989 fratres
884 2929 1028 2990 unanimi
1046 2941 1122 2989 voto
1140 2928 1375 3006 concluserunt,
1389 2927 1477 3009 quod
1501 2927 1526 2988 si
1545 2927 1664 3008 aliquis

399 3035 548 3116 proderet
571 3049 700 3112 secreta,
725 3049 755 3096 et
780 3035 833 3095 illa
851 3054 913 3116 que
930 3047 1103 3094 tractantur
1127 3033 1158 3095 in
1176 3033 1418 3111 communitate,
1443 3047 1558 3094 extunc
1577 3033 1665 3094 illico

400 3141 575 3222 privabitur
598 3141 759 3202 consortio
784 3153 814 3202 et
838 3140 1048 3222 proventibus
1080 3160 1166 3202 anno
1190 3159 1256 3200 uno
1286 3153 1317 3200 et
1355 3139 1407 3201 die
1433 3159 1498 3200 uno
1524 3139 1665 3221 insuper,

400 3247 449 3308 vel
474 3267 643 3330 quousque
669 3245 819 3308 fratribus
843 3245 1008 3328 placuerit.

511 3427 622 3501 Quibus
652 3425 826 3494 uiuentibus,
846 3424 1034 3497 regnantibus
1057 3433 1086 3482 et
1106 3424 1317 3498 imperantibus
1340 3425 1543 3498 apsapredicta
1555 3432 1666 3483 staura
1699 3445 1702 3453 ·

399 3540 469 3589 sunt
483 3530 648 3605 publicata.

506 3637 587 3698 Sunt
609 3649 716 3698 autem
744 3637 803 3698 hee
838 3649 944 3697 nostre
979 3634 1228 3696 constituciones
1262 3635 1416 3696 salutares
1450 3633 1597 3695 ordinate
1633 3647 1664 3694 et

399 3743 559 3825 publicate
583 3743 615 3804 in
640 3743 786 3823 generali
811 3756 919 3804 nostra
943 3740 1191 3822 congregatione
1212 3740 1252 3802 ad
1276 3760 1391 3802 sonum
1418 3759 1584 3821 campane,
1600 3759 1662 3820 que

399 3849 439 3910 ad
465 3863 605 3910 nostram
637 3849 920 3930 congregationem
955 3845 1180 3909 celebrandam
1211 3847 1330 3929 pulsari
1365 3847 1457 3924 solet,
1499 3844 1581 3906 facta
1606 3839 1692 3905 Za?

397 3955 518 4036 grabie,
532 3955 564 4016 in
588 3955 687 4016 domo
711 3954 899 4036 prebendali
917 3953 1043 4016 discreti
1060 3952 1119 4014 viri
1137 3952 1262 4014 domini
1278 3951 1377 4013 Blasii
1402 3951 1442 4012 de
1460 3949 1662 4033 Koproncza,

398 4061 510 4122 decani
535 4061 633 4122 nostri
656 4060 800 4142 predicti,
825 4058 902 4121 leria
927 4072 1015 4120 sexta
1031 4059 1177 4141 proxima
1195 4071 1268 4119 ante
1287 4056 1404 4119 festum
1430 4055 1664 4118 Purificationis

398 4167 530 4248 virginis
552 4165 730 4244 benedicte,
755 4165 864 4227 matris
887 4164 1116 4243 misericordie,
1141 4184 1204 4246 que
1228 4163 1288 4226 fuit
1315 4163 1429 4226 ultima
1453 4163 1522 4224 dies
1546 4163 1664 4224 mensis

399 4273 544 4354 januarii,
569 4272 647 4333 hora
670 4271 839 4332 terciarum
864 4271 915 4332 vel
938 4270 1041 4353 quasi,
1065 4270 1240 4332 indictione
1274 4269 1525 4352 quartadecima,
1560 4269 1664 4351 ponti·

399 4379 494 4442 ficatu
516 4398 593 4440 vero
616 4378 806 4439 sanctissimi
831 4379 863 4439 in
895 4377 1023 4447 Christo
1057 4377 1155 4460 patris
1181 4390 1211 4438 et
1235 4376 1369 4457 domini,
1408 4376 1533 4439 domini
1560 4375 1662 4454 Pauli,

399 4486 508 4547 divina
529 4483 732 4568 providentia
757 4503 838 4566 pape
862 4483 1004 4562 secundi,
1030 4502 1116 4545 anno
1138 4482 1284 4544 eiusdem
1308 4481 1461 4563 secundo,
1485 4483 1545 4544 sub
1579 4501 1663 4542 anno

399 4603 506 4652 autem
531 4612 548 4652 a
571 4590 736 4652 nativitate
761 4589 885 4651 domini
909 4589 1082 4662 millesimo
1114 4589 1431 4671 quadringentesimo
1464 4588 1663 4668 sexagesimo

399 4711 497 4758 sexto.
523 4697 690 4778 Regnante
708 4696 741 4758 in
759 4695 926 4778 Hungaria
942 4696 1145 4757 serenissimo
1162 4695 1304 4778 principe
1321 4708 1352 4756 et
1368 4693 1513 4772 domino,
1530 4693 1663 4754 domino

401 4802 531 4882 Mathia,
555 4802 699 4864 eiusdem
724 4801 889 4882 Hungarie
913 4821 948 4861 ac
981 4801 1114 4862 Croacie
1139 4813 1169 4862 et
1193 4799 1352 4863 Dalmatie
1375 4819 1460 4880 rege,
1478 4799 1662 4861 Romanum

400 4924 507 4972 autem
532 4910 702 4990 imperium
727 4921 855 4969 tenente
878 4908 1110 4988 gloriosissimo
1134 4907 1277 4989 principe
1306 4919 1336 4966 et
1359 4904 1504 4982 domino,
1529 4903 1663 4965 domino

401 5016 570 5079 Frederico
603 5015 683 5075 duce
708 5015 853 5089 Austrie;
886 5013 917 5073 in
942 5013 1075 5074 ecclesia
1110 5025 1218 5074 autem
1249 5011 1458 5092 zagrabiensi,
1490 5009 1663 5092 episcopali
