3808 5792
822 547 988 626 Doc.164.
1016 583 1052 592 -
1080 551 1136 608 An.
1163 562 1249 624 1520.

405 773 500 822 natus
527 761 655 824 divinus
679 761 782 823 cultus
806 760 1037 824 diminueretur
1061 772 1115 822 aut
1139 759 1286 822 deficeret
1310 762 1496 840 successive,
1518 761 1670 823 constitu·

407 866 490 928 imus
514 879 545 930 et
571 867 802 946 ordinavimus,
826 881 860 930 ut
884 868 992 932 nullus
1015 887 1052 930 ex
1078 867 1240 930 canonicis
1262 867 1314 928 vel
1338 867 1516 948 dignitariis
1540 867 1670 930 ecclesie

405 985 510 1034 nostre
545 973 759 1054 zagrabiensls
783 988 838 1036 aut
872 975 1001 1036 alterius
1036 975 1267 1056 cuiuscumque
1303 974 1370 1035 sive
1404 974 1435 1035 in
1472 992 1571 1054 regno
1605 974 1671 1034 sive

405 1093 491 1142 extra
515 1099 650 1162 regnum
675 1079 830 1163 prefatam
855 1081 988 1144 domum
1012 1100 1085 1142 cum
1110 1081 1214 1142 missis
1237 1080 1370 1143 annexis
1400 1093 1574 1162 acceptare,
1597 1099 1671 1162 pos·

404 1186 507 1248 sidere
532 1199 587 1248 aut
611 1187 682 1249 usui
714 1207 773 1250 suo
805 1188 921 1268 quovis
951 1187 1051 1250 modo
1082 1187 1182 1270 possit
1210 1201 1264 1248 aut
1295 1187 1400 1248 valeat
1430 1205 1585 1268 occupare
1616 1205 1674 1268 per

405 1293 637 1375 cuiuscumque
661 1293 875 1356 donacionem
899 1313 955 1355 seu
979 1293 1201 1371 collacionem,
1232 1311 1331 1374 quam
1354 1293 1381 1354 si
1404 1291 1580 1374 aliquando
1603 1290 1671 1354 fieri

405 1399 615 1480 contingeret,
639 1399 801 1478 volumus,
826 1399 963 1461 dicimus
987 1413 1018 1460 et
1041 1399 1243 1460 decernimus
1271 1410 1381 1460 contra
1412 1398 1610 1460 voluntatem
1642 1410 1674 1459 et

406 1505 438 1566 in
463 1504 676 1587 preiudicium
711 1525 746 1567 ac
783 1506 933 1568 iniuriam
968 1520 1109 1568 nostram
1146 1505 1354 1587 capitularem
1390 1518 1421 1565 et
1450 1523 1669 1566 successorum

405 1625 587 1673 nostrorum
609 1632 647 1674 ex
670 1632 756 1674 nunc
779 1625 874 1694 prout
896 1632 934 1675 ex
958 1626 1033 1674 tunc
1067 1625 1098 1674 et
1122 1631 1159 1672 ex
1184 1625 1259 1672 tunc
1290 1624 1386 1693 prout
1417 1631 1455 1672 ex
1487 1630 1571 1672 nunc
1605 1609 1673 1672 fore

406 1715 520 1779 factam
546 1731 576 1779 et
599 1731 830 1800 attemptatam,
855 1719 943 1800 quod
967 1719 1000 1781 in
1026 1731 1182 1800 quantum
1215 1717 1393 1800 poterimus
1416 1715 1601 1778 huiusmodi
1626 1716 1673 1776 in·

405 1823 520 1904 juriam
556 1822 593 1906 (si
617 1837 647 1886 et
671 1825 703 1887 in
739 1839 895 1907 quantum
929 1826 1023 1887 nobis
1057 1839 1088 1886 et
1122 1824 1357 1886 successoribus
1387 1824 1503 1884 nostris
1536 1823 1675 1903 irrogata

405 1928 513 2012 fuerit)
536 1931 723 2014 propulsare
736 1931 887 1994 volumus
904 1945 935 1993 et
958 1930 1172 2006 intendimus;
1198 1930 1299 1991 immo
1323 1931 1349 1990 si
1367 1948 1425 2010 pro
1442 1942 1587 2011 ternpore
1604 1947 1674 2010 pre·

407 2035 578 2098 bendarius
603 2037 720 2099 domus
752 2037 894 2120 predicte
927 2038 992 2099 suis
1023 2037 1195 2098 virtutibus
1226 2049 1257 2097 et
1291 2036 1387 2098 laude
1418 2035 1523 2117 dignis
1556 2034 1678 2095 meritis

407 2141 608 2223 exigentibus
630 2143 670 2204 ad
703 2143 927 2206 canonicatum
952 2143 1003 2204 vel
1040 2161 1280 2224 quamcumque
1316 2141 1505 2223 dignitatem
1540 2140 1573 2202 in
1608 2140 1677 2222 ipsa

406 2247 538 2312 ecclesia
563 2261 668 2310 nostra
693 2262 747 2311 aut
763 2248 841 2310 alias
857 2249 1040 2331 promoveri
1064 2249 1227 2328 meruerit,
1244 2261 1375 2311 extunc
1402 2259 1498 2329 prout
1513 2245 1674 2308 hactenus

406 2352 610 2416 laudabiliter
632 2369 791 2418 servatum
815 2354 875 2418 fuit
898 2368 929 2417 et
953 2367 1152 2434 consvetum‚
1185 2374 1260 2416 mox
1293 2367 1325 2416 et
1356 2353 1444 2415 illico
1475 2352 1673 2435 prebendam

406 2459 506 2541 ipsam
534 2479 607 2521 cum
643 2461 774 2522 annexis
808 2474 839 2522 et
871 2461 968 2522 unitis
1002 2461 1063 2522 sibi
1098 2461 1202 2522 missis
1235 2459 1410 2542 prenotatis
1444 2458 1577 2536 deserat,
1613 2477 1675 2538 que

406 2565 536 2628 tandem
560 2567 666 2630 statim
692 2566 732 2628 ad
756 2581 898 2630 nostram
930 2581 985 2630 aut
1016 2585 1235 2628 successorum
1269 2577 1453 2628 nostrorum
1485 2563 1675 2624 devolvatur

407 2671 620 2735 collacionem
644 2687 796 2754 tanquam
821 2672 861 2736 ad
887 2692 981 2735 veros
1004 2686 1035 2734 et
1059 2672 1234 2753 legittimos
1259 2685 1290 2733 et
1314 2671 1513 2732 indubitatos
1540 2670 1675 2752 preben-

407 2777 635 2840 bendariorum
660 2779 810 2842 dominos
834 2793 864 2841 et
888 2793 1051 2861 patronos,
1075 2778 1212 2840 racionis
1244 2778 1331 2840 enirn
1364 2777 1444 2838 ordo
1476 2789 1506 2838 et
1538 2775 1677 2856 dignitas

406 2897 505 2948 status
533 2885 630 2966 exigit
653 2898 684 2947 et
716 2885 859 2967 requirit,
891 2905 931 2948 ne
963 2885 1088 2948 domini
1122 2885 1269 2948 canonici
1302 2903 1376 2946 curn
1406 2884 1472 2945 suis
1503 2880 1676 2965 capellanis

409 2989 558 3052 videlicet
581 2991 800 3073 prebendariis
824 2989 963 3053 habeant
990 2993 1195 3070 commercia,
1216 2992 1326 3073 eisque
1358 2991 1422 3051 sint
1452 2987 1614 3052 societatis
1645 2999 1675 3048 et

407 3093 569 3158 fidelitatis
599 3097 730 3158 vinculo
753 3096 890 3173 astricti;
915 3097 993 3160 alias
1017 3113 1124 3160 sutem
1149 3109 1311 3179 oporteret
1334 3094 1514 3179 prebendas
1538 3092 1676 3154 diminui

406 3201 438 3261 in
463 3201 563 3267 divini
587 3202 690 3264 cultus
714 3202 969 3265 diminucionem
986 3217 1040 3266 aut
1056 3204 1286 3270 canonicorum
1303 3201 1461 3285 prefatam
1478 3198 1676 3283 prebendam

406 3306 595 3388 occupandi,
621 3326 693 3368 cum
718 3307 938 3390 prebendariis
962 3322 994 3371 et
1016 3329 1081 3372 non
1114 3328 1187 3371 curn
1220 3309 1361 3391 capitulo
1386 3305 1628 3369 communicare
1647 3312 1678 3364 et

406 3411 567 3474 fidelitatis
590 3413 720 3476 vinculo
745 3415 886 3496 astringi.
903 3417 980 3494 (sic.)
996 3416 1155 3477 Volumus
1180 3415 1282 3476 eciam
1307 3427 1338 3476 et
1362 3413 1563 3490 ordinamus,
1588 3409 1676 3492 quod

407 3519 498 3599 copis
521 3520 723 3599 presencium
748 3520 927 3582 litterarum
952 3534 1135 3583 nostrarum
1158 3541 1215 3602 per
1240 3520 1410 3581 dominum
1435 3518 1590 3580 lectorem
1608 3537 1677 3578 mo-

407 3623 543 3684 dernum
567 3624 608 3685 de
632 3626 729 3686 verbo
754 3626 794 3688 ad
819 3628 953 3688 verbum
986 3627 1018 3688 in
1043 3628 1144 3688 rubeo
1169 3627 1263 3706 libro,
1295 3627 1349 3688 ubi
1382 3625 1487 3686 solent
1520 3621 1677 3684 conscribi

408 3728 583 3791 inventaria
619 3731 919 3812 prebendariorum,
946 3752 1045 3814 penes
1081 3732 1297 3794 inventarium
1333 3730 1479 3793 eiusdem
1514 3728 1677 3812 prebende

406 3849 677 3917 transumpmatur
702 3850 733 3898 et
757 3839 957 3900 inscribatur.
976 3839 1010 3900 ln
1028 3839 1120 3900 cuius
1136 3839 1181 3900 rei
1199 3838 1391 3900 memoriam
1409 3849 1440 3898 et
1455 3835 1677 3897 testimonium

407 3939 653 4022 firmitatemque
686 3955 873 4024 perpetuam
903 3945 1105 4024 presentibus
1129 3945 1271 4026 sigillum
1296 3957 1443 4004 nostrum
1466 3942 1677 4004 auttenticum

407 4047 557 4108 duximus
588 4046 842 4111 concedendum.
878 4049 996 4111 Datum
1023 4049 1100 4112 feria
1136 4063 1247 4132 quarta
1281 4049 1427 4131 proxima
1459 4062 1532 4130 post
1562 4047 1678 4109 festum

408 4152 506 4212 sancti
519 4152 637 4213 Mathie
649 4154 798 4234 apostoli.
808 4160 904 4217 Anno
913 4155 1039 4218 domini
1048 4156 1222 4218 millesimo
1236 4155 1498 4236 quingentesimo
1510 4155 1679 4236 vigesimo.

936 4263 1049 4323 Petrus
1073 4262 1112 4322 de
1137 4261 1290 4343 Grangya
1314 4261 1416 4322 lector
1440 4273 1472 4322 et
1505 4261 1680 4323 canonicus

935 4367 1069 4428 ecclesie
1093 4367 1311 4448 zagrabiensis
1334 4367 1379 4428 sic
1404 4379 1438 4428 ut
1462 4365 1623 4449 prefertur
1641 4366 1679 4428 de

937 4473 1090 4536 mandato
1115 4473 1236 4556 scripsi.

513 4609 713 4677 Transumptum
735 4614 760 4664 in
781 4615 851 4668 areb.
869 4629 927 4666 ven.
949 4615 1035 4679 Capit.
1055 4617 1161 4681 zagrab.
1175 4617 1235 4667 Act.
1251 4616 1315 4680 Cap.
1339 4619 1391 4666 ant.
1412 4615 1477 4666 fasc.
1495 4611 1553 4666 101.
1578 4629 1616 4665 nr.
1641 4613 1680 4664 19.
