3752 5806
614 581 687 640 Doc.
707 577 762 655 56.
795 613 828 624 -
853 579 908 642 An.
933 589 1022 655 1507.

794 809 853 876 56.

288 969 363 1020 Anno
388 969 463 1034 1507,
483 969 524 1021 16.
545 966 672 1019 octobris.
692 967 848 1033 Zagrebiae.

186 1113 291 1170 Coram
314 1115 516 1172 communitate
530 1115 655 1172 cior'tatis
671 1114 768 1184 Agnes
785 1114 944 1170 ls'clemr'nec
959 1110 1061 1182 tudun,
1080 1115 1198 1188 ejusque
1209 1113 1303 1186 filine,
1324 1110 1457 1170 Errrerr'co

506 1221 565 1277 civi
588 1237 676 1290 agros
697 1238 763 1276 suos
786 1233 825 1276 10
841 1220 880 1293 fl.
905 1219 979 1278 auri
999 1217 1137 1278 vendunt.

288 1359 357 1418 Nos
396 1357 582 1438 Gregorius,
622 1357 706 1418 lilius
742 1358 880 1435 andree,
915 1357 1021 1438 judex,
1058 1357 1244 1437 Bolfangus,
1286 1356 1454 1438 Georgius,

185 1464 391 1542 Valentinus,
410 1463 558 1541 Michael,
576 1463 766 1544 Stephanus,
784 1463 942 1541 Vrbanus‚
961 1462 1136 1544 Gregorius
1153 1477 1183 1524 et
1200 1463 1336 1524 Mathias
1352 1463 1455 1543 jurati,

186 1569 364 1631 consiliarii
402 1583 433 1630 et
468 1569 606 1630 universi
644 1569 727 1629 cives
761 1569 896 1630 civitatis
930 1569 1049 1630 montis
1084 1568 1262 1631 Grecensis.
1303 1569 1456 1630 Memorie

183 1675 454 1737 commendamus
478 1689 588 1737 tenore
614 1675 814 1756 presencium
839 1674 1065 1755 significantes,
1089 1675 1207 1756 quibus
1231 1675 1358 1756 expedit
1386 1675 1455 1736 uni·

181 1783 293 1843 versis.
321 1781 419 1855 Quod
446 1782 546 1863 proba
570 1781 687 1842 mulier
711 1785 837 1861 Agnesa
856 1793 979 1860 vocata,
997 1781 1105 1842 relicta
1124 1780 1261 1842 condam
1279 1779 1456 1842 Clementis

182 1888 329 1968 agricole
363 1887 456 1948 aliter
479 1887 686 1948 Keleminecz
711 1885 798 1965 dicti,
830 1887 869 1946 de
894 1885 971 1947 villa
997 1887 1171 1965 Petrovvcz,
1195 1905 1320 1948 necnon
1346 1886 1457 1964 Elena,

181 1993 363 2055 Katherina
387 2005 418 2054 et
443 1992 604 2054 Dorothea
628 1993 692 2054 filie
716 1993 860 2054 eiusdem
886 1993 1103 2070 Keleminecz,
1126 1993 1166 2054 ad
1191 2006 1332 2054 nostram
1349 2013 1457 2076 perso-

182 2101 301 2161 naliter
325 2099 491 2160 venientes
514 2100 712 2181 presenciam
737 2097 880 2160 confesse
905 2114 979 2159 sunt
1003 2099 1035 2159 in
1060 2099 1144 2160 hunc
1166 2099 1319 2160 modum:
1338 2111 1372 2160 ut
1389 2099 1455 2180 ipse

180 2207 351 2288 quandam
382 2220 498 2267 terram
531 2225 623 2268 suam
655 2206 808 2266 arabilem
841 2205 873 2266 in
902 2205 1062 2268 territorio
1094 2219 1203 2266 nostro
1236 2225 1291 2268 seu
1319 2206 1456 2266 civitatis

179 2313 307 2395 prefate
339 2313 421 2373 inter
452 2312 531 2373 duas
562 2313 629 2372 vias
661 2291 860 2388 communes,
884 2332 982 2373 unam
1016 2311 1165 2372 videlicet
1197 2312 1281 2372 viam
1306 2313 1345 2372 ab
1370 2313 1454 2372 occi·

182 2419 309 2482 dentali
334 2431 425 2500 parte
450 2420 554 2498 sitam,
568 2439 624 2501 per
647 2439 744 2500 quam
770 2420 831 2480 itur
855 2418 895 2479 ad
919 2419 1029 2480 villam
1047 2417 1225 2501 Gorymlye
1250 2431 1394 2480 vocatam
1420 2431 1450 2479 et

181 2525 284 2586 aliam
309 2525 396 2586 viam
421 2546 627 2588 communem
652 2546 669 2586 a
694 2539 782 2607 parte
807 2525 1011 2587 meridionali
1033 2523 1175 2586 habitam
1192 2545 1228 2587 ac
1243 2525 1324 2587 inter
1340 2539 1455 2586 terram

182 2650 409 2692 successorum
428 2631 564 2692 condam
582 2631 736 2693 lobannis
754 2631 854 2713 Bolye
872 2631 1034 2692 mediante
1051 2645 1133 2692 meta
1152 2631 1318 2692 cuiusdam
1335 2632 1457 2693 arboris

182 2736 341 2817 quercine
366 2756 383 2796 a
408 2751 496 2818 parte
520 2737 666 2798 orientali
692 2738 784 2798 sitam
809 2757 844 2798 ac
866 2737 946 2797 inter
964 2737 1126 2817 quandam
1145 2738 1229 2798 viam
1249 2755 1456 2798 communem

185 2842 358 2922 antiquam
394 2862 411 2904 a
448 2856 536 2924 parte
572 2843 823 2924 septemtrionali
859 2855 923 2904 tam
962 2841 1110 2903 videlicet
1149 2842 1326 2904 currualem
1361 2861 1456 2922 quam

186 2946 373 3030 pedestrem
399 2947 550 3026 habitam,
567 2949 681 3008 situata
706 2961 736 3009 et
761 2949 909 3025 existens,
935 2963 1072 3028 quatuor
1097 2949 1146 3010 vel
1172 2949 1259 3024 citra,
1277 2963 1311 3008 ut
1333 2948 1458 3026 dicitur,

185 3054 292 3116 dietas
316 3067 397 3115 terre
419 3054 450 3114 in
476 3073 509 3114 se
526 3054 703 3131 continens,
722 3054 858 3136 desuper
874 3075 890 3115 a
908 3055 1048 3136 predicta
1067 3055 1116 3116 via
1134 3055 1297 3116 communi
1316 3054 1457 3134 antiqua,

184 3171 252 3220 tam
290 3159 428 3220 curruali
464 3179 561 3239 quam
597 3159 734 3241 pedestri
768 3181 785 3220 a
819 3159 900 3220 dicta
937 3159 1189 3241 septemtrionali
1215 3173 1302 3240 parte
1336 3159 1453 3236 habita,

187 3265 287 3326 simul
321 3285 394 3325 curn
419 3265 558 3346 virgulto
583 3265 688 3327 eidem
714 3281 792 3326 terre
821 3267 948 3326 atrabili
974 3265 1110 3348 desuper
1133 3266 1291 3328 adiacenti
1320 3279 1350 3326 et
1374 3263 1454 3326 inira

185 3390 292 3450 usque
323 3370 500 3451 predictam
526 3371 610 3432 viam
635 3391 842 3432 communem
867 3373 906 3432 ab
931 3372 999 3453 ipsa
1025 3371 1228 3434 meridionali
1253 3387 1340 3454 parte
1365 3371 1456 3434 sitam

184 3495 220 3536 se
244 3475 431 3546 extendens,
462 3475 555 3557 ipsas,
580 3476 700 3538 scilicet
723 3480 883 3557 Agnesam
908 3476 1077 3538 mulierem
1101 3477 1243 3538 relictam
1269 3491 1298 3538 et
1320 3475 1457 3558 prefatas

184 3581 335 3658 Elenam,
360 3579 568 3642 Katherinam
602 3595 632 3643 et
662 3582 861 3644 Dorotheam
893 3583 974 3644 filias
1005 3584 1191 3660 earundem,
1213 3596 1283 3664 post
1315 3595 1452 3644 mortem

184 3687 302 3769 prefati
320 3687 527 3748 Keleminecz
551 3690 747 3750 successorio
770 3689 848 3769 jure,
867 3689 1031 3770 ipsiusque
1049 3689 1255 3751 Keleminecz
1279 3709 1296 3750 a
1318 3689 1454 3750 condam

186 3795 257 3854 viro
290 3793 431 3854 Martino
455 3793 596 3874 agricola
620 3794 659 3856 de
684 3795 797 3856 eadem
823 3795 985 3856 Petrowcz
1011 3796 1188 3876 empcionis
1212 3795 1305 3856 titulo
1330 3814 1457 3856 concer-

187 3912 322 3961 nentem
354 3898 450 3959 simul
468 3879 633 3960 'omnibus
665 3899 808 3960 eiusdem
833 3914 914 3962 terre
939 3901 1083 3961 arrabilis
1109 3921 1143 3962 ac
1169 3901 1296 3980 virgulti
1323 3901 1458 3981 desuper

191 4005 370 4066 adiacentis
406 4005 606 4084 utilitatibus,
630 4005 762 4086 juribus,
788 4007 908 4085 usibus,
937 4007 1172 4087 integritatibus
1196 4021 1225 4068 et
1256 4005 1459 4087 pertinenciis

188 4110 359 4188 universis,
376 4109 525 4191 prudenti
551 4125 582 4171 et
606 4112 837 4192 circumspecto
862 4112 931 4174 viro
956 4113 1104 4174 Emerico
1130 4113 1267 4173 litterato
1293 4111 1331 4171 de
1352 4111 1457 4172 Crisio

188 4217 308 4278 seniori
334 4215 432 4297 judici
458 4229 488 4278 et
511 4218 634 4278 concivi
653 4231 761 4279 nostro
783 4238 818 4278 ac
841 4239 896 4300 per
913 4239 986 4279 eum
1004 4219 1068 4280 suis
1085 4218 1255 4280 heredibus
1272 4237 1329 4298 pro
1347 4217 1457 4278 decern

188 4323 320 4384 florenis
338 4323 406 4383 auri
424 4343 479 4404 per
496 4323 634 4384 eundem
654 4324 837 4385 Emericum
856 4323 1028 4384 litteratum
1047 4317 1176 4405 prelatis
1192 4327 1329 4402 Agnese,
1348 4323 1458 4399 Elene,

187 4427 366 4490 Katherine
398 4441 428 4489 et
460 4427 636 4506 Dorothee,
660 4444 755 4510 prout
789 4430 922 4511 ipsemet
955 4430 1048 4490 nobis
1076 4429 1253 4489 retulerunt
1276 4427 1339 4508 jam
1365 4427 1458 4508 plene

191 4534 274 4595 datis
308 4547 338 4594 et
363 4534 543 4615 persolutis,
564 4534 783 4596 vendidissent
815 4549 845 4598 et
878 4536 1096 4612 contulissent,
1123 4537 1222 4595 inimo
1248 4533 1460 4595 vendiderunt

189 4653 220 4701 et
237 4639 444 4700 contulerunt
465 4659 571 4701 coram
597 4641 691 4702 nobis
707 4641 773 4721 jure
791 4655 945 4723 perpetuo
963 4655 993 4701 et
1009 4641 1259 4702 irrevocabiliter
1275 4640 1458 4718 tenendam,

189 4744 421 4828 possidendam
453 4747 572 4828 pariter
604 4760 634 4810 et
666 4747 858 4824 habendam,
881 4767 917 4808 ac
950 4749 1035 4808 iuxta
1067 4747 1290 4809 condicionem
1324 4746 1459 4807 civitatis

188 4863 358 4934 prenotate
382 4852 421 4912 ab
445 4853 579 4934 antiquo
605 4853 845 4934 privilegialiter
863 4856 1070 4935 approbatam
1098 4872 1304 4934 quocumque
1322 4853 1460 4913 voluerit

189 4957 437 5040 disponendam.
462 4957 495 5018 ln
528 4959 618 5018 cuius
650 4959 695 5019 rei
726 4960 915 5020 memoriam
947 4971 1042 5039 atque
1074 4959 1304 5036 testimonium,
1329 4957 1459 5019 firmita-

189 5077 321 5146 temque
347 5048 533 5145 perpetuam
551 5078 712 5145 presentes
728 5065 835 5146 sigillo
852 5079 961 5126 nostro
978 5067 1142 5128 communi
1159 5067 1334 5142 roboratas,
1352 5064 1456 5126 eidem
