3808 5792
456 523 513 606 176
861 525 936 584 Doc.
963 535 1029 600 137.
1055 558 1096 568 -
1122 525 1179 585 An.
1205 521 1294 600 1518.

451 750 581 829 Mathia,
606 750 658 813 dei
681 751 788 831 gracia
812 751 895 834 regis
927 751 1104 832 Hungarie,
1140 751 1296 814 Bohemie
1328 764 1387 814 etc.
1420 754 1722 834 prorogatoriarum

450 869 481 919 et
504 857 633 940 capituli
657 856 791 918 ecclesie
816 856 955 919 albensis
979 856 1285 918 introductoriarutn
1309 871 1340 920 et
1364 859 1605 921 statutoriarum
1622 879 1722 942 super

451 961 534 1026 lacto
570 962 849 1042 contradiccionis,
885 962 1072 1024 statucionis
1103 961 1262 1025 dictarum
1298 964 1538 1044 possessionum
1575 965 1723 1049 Dedych,

451 1069 700 1148 Chernomercz,
732 1068 855 1152 Bythelr
881 1081 913 1130 et
944 1069 1069 1130 Nowalt
1100 1081 1298 1149 vocatarum,
1329 1070 1465 1132 omnino
1497 1071 1529 1131 in
1561 1071 1724 1134 territorio

451 1175 534 1238 dicte
558 1176 694 1238 civitatis
718 1175 938 1253 existencium,
962 1195 998 1236 ac
1030 1174 1196 1236 cuiusdam
1231 1174 1306 1237 vadi
1338 1176 1506 1259 Kyralrew
1538 1177 1653 1256 vocati,
1689 1178 1722 1238 in

450 1281 549 1344 fluvio
574 1282 669 1344 Zawe
692 1281 804 1360 habiti,
829 1301 865 1343 ac
888 1280 966 1362 juris
989 1281 1068 1363 regii
1093 1281 1126 1342 in
1150 1280 1296 1342 eiusdem
1320 1280 1431 1362 habiti,
1464 1281 1605 1364 prelatos
1636 1283 1720 1364 judi-

451 1407 532 1468 cem,
556 1387 687 1468 juratos,
711 1401 899 1469 ceterosque
924 1387 1008 1449 cives
1032 1385 1115 1449 dicte
1133 1387 1269 1449 civitatis
1292 1387 1412 1451 montis
1436 1386 1616 1468 Grecensis,
1641 1389 1720 1451 iuris

449 1494 528 1576 regii
552 1494 671 1556 etalio
695 1494 811 1575 quovis
835 1493 912 1574 juris
952 1493 1047 1555 titulo
1086 1505 1309 1574 commenta,
1353 1495 1522 1574 contentis,
1563 1495 1720 1577 legittime

450 1615 603 1663 evocatus
625 1613 769 1663 nostram
794 1600 826 1661 in
851 1600 1048 1682 presenciam
1073 1619 1138 1661 non
1163 1599 1251 1661 venit
1274 1619 1380 1682 neque
1397 1601 1494 1680 misit,
1511 1601 1596 1662 unde
1614 1601 1719 1683 ipsum

451 1707 483 1768 in
524 1706 644 1788 judicio
676 1705 897 1768 commisimus
929 1705 996 1767 lore
1040 1705 1234 1786 convictum,
1265 1706 1291 1766 si
1323 1726 1356 1767 se
1387 1707 1625 1769 racionabiliter
1654 1726 1720 1768 non

450 1813 567 1894 poterit
589 1831 748 1909 excusare.
781 1812 948 1874 Presentes
971 1824 1079 1877 autem
1104 1809 1218 1892 sigillis
1249 1813 1451 1892 egregiorum
1483 1812 1650 1874 Balthasar
1681 1812 1719 1872 de

451 1916 596 2000 Bathyan
621 1931 652 1981 et
683 1917 814 1979 alterius
845 1915 1011 1979 Balthaaar
1042 1917 1083 1978 de
1114 1916 1209 1998 Alap,
1241 1917 1471 1980 vicebanorum
1504 1932 1535 1979 et
1565 1919 1719 1980 comitum

450 2035 633 2085 nostrorum
645 2023 912 2104 zagrabiensium,
923 2021 1057 2084 lecimus
1073 2021 1265 2103 consignari.
1278 2022 1397 2085 Datum
1412 2024 1567 2104 Zagrabie
1583 2025 1719 2106 septimo

450 2129 502 2192 die
525 2130 653 2191 termini
678 2129 847 2211 prenotati.
880 2134 977 2190 Anno
1010 2128 1134 2190 domini
1167 2127 1342 2191 millesimo
1375 2130 1635 2211 quingentesimo
1666 2130 1719 2192 de·

450 2237 535 2297 cimo
559 2236 706 2318 septimo.

555 2343 587 2400 (Α
607 2341 706 2406 tergo.)
728 2341 788 2402 Pro
817 2339 1055 2422 circumspectis
1084 2338 1201 2422 judice,
1233 2339 1355 2422 juratis,
1387 2340 1565 2422 ceterisque
1598 2342 1719 2405 civibus

450 2447 585 2510 civitatis
608 2447 728 2509 montis
751 2445 921 2510 Grecensis
944 2445 984 2506 de
1009 2446 1095 2507 iuxta
1128 2446 1330 2526 Zagrabiam,
1355 2459 1465 2508 contra
1499 2446 1658 2510 illustrem
1689 2461 1719 2509 et

450 2552 658 2635 magnificum
682 2553 851 2614 dominum
877 2551 1056 2633 Georgium
1073 2551 1293 2614 marchionem
1313 2552 1670 2636 Brandemburgensem
1686 2554 1717 2614 in

449 2679 546 2742 quem
571 2679 627 2742 per
650 2659 861 2741 adepcionem
887 2658 1125 2741 possessionum
1150 2657 1296 2741 Dedych,
1328 2657 1579 2738 Chernomercz,
1597 2659 1717 2742 Bythelt

449 2779 479 2828 et
503 2767 617 2827 Novak
640 2777 825 2826 vocatarum
850 2785 885 2827 ac
909 2764 983 2826 vadi
1009 2764 1178 2847 Kyralrcw
1201 2765 1305 2826 vocati
1338 2763 1371 2826 in
1403 2763 1503 2826 fluvio
1536 2765 1633 2827 Zawe
1664 2765 1717 2826 ba-

450 2871 518 2951 biti,
543 2890 672 2953 presens
696 2891 789 2932 causa
815 2884 861 2932 est
886 2870 1101 2932 condescensa
1125 2869 1296 2952 judicialis.

556 3011 693 3077 originale
713 3011 738 3062 in
758 3012 857 3062 charta.
871 3009 959 3076 tergo
979 3011 1111 3076 impressa
1132 3011 1185 3061 dno
1214 3011 1311 3076 sigilla.
1325 3009 1353 3060 Er
1368 3009 1476 3062 collect.
1490 3011 1514 3063 d.
1529 3011 1557 3059 E.
1573 3009 1717 3073 hasovsky.

1043 3293 1127 3359 138.

553 3452 627 3502 Anao
648 3450 728 3503 1517.
749 3451 791 3504 st.
809 3451 931 3516 januarii.
951 3449 1111 3516 Zagrahlae.

459 3579 655 3637 Communitas
686 3578 814 3636 civitatis
837 3579 944 3635 silvam
966 3577 1113 3652 quandam
1145 3577 1287 3649 Gregorio
1319 3577 1483 3635 Preksavcc
1512 3591 1534 3654 4
1550 3577 1624 3651 flor.
1648 3581 1715 3635 aun'

1034 3684 1136 3740 vendit.

555 3825 622 3886 Nos
646 3823 860 3885 communitas
884 3822 1003 3884 civium
1028 3823 1164 3884 civitatis
1188 3822 1307 3884 montis
1335 3821 1536 3886 Grechenais.
1562 3823 1713 3886 Memoris

448 3930 713 3993 commendamus
737 3944 848 3992 tenore
872 3929 1073 4011 presencium
1098 3927 1313 4010 significantes
1337 3929 1455 4011 quibus
1490 3930 1620 4013 expedit
1647 3931 1714 3993 uni·

447 4037 555 4116 versis,
579 4037 668 4118 quod
693 4057 751 4098 nos
775 4035 939 4117 quandam
964 4036 1077 4097 silvam
1091 4049 1232 4096 nostram
1246 4053 1452 4098 communem
1468 4034 1712 4120 Goranschycza

448 4157 594 4206 vocatam
619 4143 652 4204 in
677 4143 852 4226 Prekrysye
877 4142 1029 4221 habitam,
1044 4142 1075 4203 in
1100 4141 1260 4204 territorio
1282 4155 1392 4204 nostro
1415 4162 1472 4204 seu
1488 4143 1626 4205 civitatis
1646 4163 1713 4226 pre·

448 4249 509 4312 fate
534 4251 615 4311 inter
637 4249 704 4310 vias
720 4267 908 4310 communes
931 4247 1076 4329 undique
1093 4248 1362 4310 circumvolutam
1378 4261 1444 4310 tam
1460 4250 1501 4310 ab
1517 4249 1665 4311 orientali
1684 4261 1713 4310 et

448 4356 663 4434 meridionali,
687 4354 1005 4437 septemtrionalique
1030 4373 1089 4416 nec
1113 4373 1179 4415 non
1204 4353 1395 4416 occidentali
1412 4354 1557 4436 partibus
1572 4354 1711 4416 habitam

448 4475 478 4523 et
501 4462 699 4540 existentem,
723 4461 819 4522 simul
843 4480 916 4523 cum
933 4460 1084 4521 omnibus
1100 4459 1246 4522 eiusdem
1263 4459 1342 4521 silve
1359 4460 1561 4539 utilitatibus,
1579 4459 1710 4541 juribus,

448 4567 567 4646 usibus,
593 4565 867 4629 fructuositatibus
890 4580 922 4628 et
937 4566 1143 4648 pertinenciis
1158 4566 1314 4628 universis
1330 4565 1467 4648 provido
1484 4567 1554 4628 viro
1572 4565 1711 4648 Georgio

449 4673 656 4735 Prekzawecz
680 4687 875 4755 nuncupate,
894 4673 998 4734 incole
1015 4685 1046 4734 et
1070 4672 1275 4734 inhabitatori
1291 4673 1441 4734 territorii
1458 4673 1593 4734 civitatis
1610 4685 1710 4734 nostre

447 4799 483 4840 ac
507 4798 563 4860 per
586 4798 660 4840 eum
684 4780 749 4840 suis
773 4778 953 4856 heredibus,
978 4777 1199 4860 heredumque
1224 4797 1357 4840 suorum
1380 4777 1620 4861 posteritatibus
1643 4777 1707 4838 uni-

446 4885 544 4945 versis
567 4905 625 4966 pro
650 4885 778 4947 florenis
802 4898 939 4966 quatuor
971 4885 1051 4965 auri,
1084 4899 1116 4946 et
1146 4905 1202 4966 per
1231 4884 1371 4946 cundem
1404 4883 1584 4966 Georgium
1618 4883 1707 4946 Prelt·

448 5011 572 5051 zarvecz
596 4991 728 5068 dictum,
753 4992 846 5052 nobis
869 5011 924 5052 seu
949 4991 1171 5052 communitati
1189 5004 1295 5052 nostre
1323 4990 1418 5073 plene
1443 4990 1525 5052 datis
1549 5004 1580 5051 et
1604 5007 1705 5072 perso·
