3900 5804
708 1581 895 1692 Sequitur
923 1585 1097 1670 secunda
1125 1607 1223 1690 para
1249 1586 1404 1670 statuti.

534 1813 698 1877 Premissis
721 1816 818 1898 igitur
841 1818 1128 1880 constitucionibus
1141 1832 1171 1880 et
1195 1819 1451 1880 ordinationibus
1467 1819 1507 1881 de
1521 1818 1685 1882 honestate

427 1931 459 1978 et
482 1937 620 2000 morum,
637 1921 708 1983 aliis
725 1923 865 2005 denique
878 1924 1021 2006 negociis
1034 1939 1065 1986 et
1077 1925 1354 1986 observationibus
1366 1945 1404 1986 ex
1415 1925 1527 1986 ordine
1544 1926 1687 2005 exaratis,

428 2023 490 2084 iam
515 2024 555 2087 de
572 2026 689 2088 divinis
712 2043 742 2090 et
766 2030 986 2093 ecclesiasticis
1002 2043 1146 2093 nostrum
1159 2031 1333 2112 collegium
1349 2032 1563 2114 tangentibus,
1580 2032 1685 2114 deque

429 2129 558 2192 illorum
585 2132 756 2215 diligencia
780 2137 980 2199 observanda
998 2151 1029 2200 et
1053 2138 1253 2220 negligencia
1278 2137 1424 2200 evitanda
1439 2137 1588 2199 duximus
1603 2139 1688 2200 ordi-

428 2237 581 2302 nandum.
607 2240 647 2300 Et
659 2242 875 2324 principaliter
890 2243 1058 2326 privilegia
1080 2243 1276 2305 decimarum
1293 2257 1473 2305 nostrarum
1486 2244 1526 2305 ad
1544 2263 1686 2306 mensam

428 2357 569 2405 nostram
593 2347 821 2428 prebendalem
835 2350 1052 2432 spectancium
1066 2349 1105 2411 de
1118 2349 1278 2412 territorio
1295 2369 1352 2411 seu
1369 2349 1512 2412 districtu
1536 2349 1687 2413 Marocha

427 2451 595 2532 provenire
609 2452 806 2534 debentium,
820 2475 878 2538 pro
901 2469 1054 2538 perpetua
1080 2457 1124 2517 rei
1137 2456 1292 2517 memoria
1316 2455 1484 2518 statuimus
1507 2456 1685 2518 inserenda.

428 2556 576 2630 Quorum
599 2573 692 2621 tenor
715 2562 858 2643 sequitur
874 2563 914 2624 de
938 2565 1037 2624 verbo
1060 2562 1101 2624 ad
1124 2564 1258 2624 verbum
1272 2576 1303 2624 et
1326 2562 1475 2639 esttalis;
1499 2575 1530 2624 et
1554 2562 1685 2644 quidem

426 2663 540 2745 prime,
564 2665 715 2729 videlicet
738 2667 861 2730 domini
887 2669 1063 2732 Eberhardi
1094 2669 1235 2752 episcopi
1260 2669 1349 2730 istius
1380 2669 1512 2730 ecclesie
1542 2669 1686 2749 zagrabi-

427 2771 520 2849 ensis,
545 2770 755 2835 benefactoris
778 2775 877 2836 nostri
900 2775 1148 2857 graciosissimi:

530 2877 734 2941 Eberhardus
766 2879 817 2942 dei
850 2895 881 2943 et
903 2882 1078 2964 apostolice
1114 2881 1198 2943 sedis
1231 2881 1338 2962 gracia
1374 2880 1543 2964 episcopus
1578 2900 1686 2961 zagra-

426 2983 545 3046 biensis
568 3005 604 3046 ac
626 3005 794 3068 supremus
817 2987 1026 3050 cancellarius
1049 2989 1135 3069 regie
1168 2988 1350 3049 Maiestatis.
1382 2986 1542 3048 Omnibus
1568 2986 1686 3047 Christi

425 3088 575 3151 fidelibus
598 3093 798 3172 presentibus
822 3107 852 3155 et
875 3093 999 3174 futuris,
1023 3094 1219 3177 presentium
1242 3093 1389 3154 notitiam
1414 3093 1577 3172 habituris,
1601 3092 1686 3153 salu-

426 3209 488 3256 tem
515 3197 547 3257 in
572 3199 718 3259 omnium
743 3199 909 3261 salvatore.
942 3200 993 3260 Ad
1025 3200 1247 3262 universorum
1279 3199 1431 3261 noticiam
1461 3199 1574 3260 harum
1606 3198 1685 3259 serie

425 3302 575 3364 volumus
600 3306 777 3386 pervenire,
803 3306 890 3388 quod
923 3326 982 3368 nos
1013 3307 1250 3368 considerantes
1283 3319 1313 3368 et
1337 3307 1368 3366 in
1400 3305 1539 3366 archano
1571 3305 1686 3365 mentis

425 3423 531 3470 nostre
555 3411 663 3492 sepius
686 3413 896 3490 revolventes,
921 3431 1018 3493 quam
1041 3414 1081 3474 sit
1104 3412 1224 3474 caduca
1248 3426 1279 3473 et
1302 3411 1423 3492 fragilis
1446 3431 1577 3492 presens
1610 3410 1684 3488 vita,

425 3529 455 3576 et
479 3517 625 3596 quamvis
648 3516 833 3579 hominibus
856 3531 980 3580 terrena
1006 3517 1154 3580 felicitate
1184 3518 1399 3599 gaudentibus
1422 3517 1596 3599 sponsione
1627 3514 1684 3576 lal-

426 3622 485 3683 laci
511 3622 607 3704 longa
631 3625 785 3706 temporis
806 3625 972 3706 promittat
995 3626 1111 3707 spacia,
1129 3625 1191 3687 fine
1215 3639 1321 3688 tamen
1340 3624 1501 3686 interdurn
1526 3635 1684 3684 coartatur

425 3729 624 3809 brevissimo,
649 3743 680 3791 et
703 3751 778 3812 sepe
803 3731 947 3793 incautos
970 3731 1010 3792 ad
1035 3731 1098 3793 ima
1123 3731 1229 3810 deicit,
1253 3751 1335 3812 quos
1362 3750 1443 3792 vane
1467 3729 1534 3811 spei
1558 3729 1684 3790 solaciis

425 3835 638 3898 demulcebat.
653 3838 721 3898 Hac
739 3838 834 3918 igitur
850 3837 1111 3899 consideracione
1128 3837 1249 3898 inducti
1266 3849 1297 3898 et
1313 3835 1460 3918 diligenti
1478 3834 1683 3916 indagatione

425 3943 617 4023 reperientes
653 3943 739 4025 quod
765 3944 928 4006 innostra
960 3943 1158 4024 zagrabiensi
1190 3941 1334 4021 ecclesia,
1367 3941 1418 4003 cui
1448 3953 1577 4002 auctore
1611 3939 1683 4016 deo,

424 4048 498 4109 licet
521 4049 683 4128 immeriti,
706 4050 915 4131 presidemus,
941 4064 1044 4131 preter
1073 4048 1246 4109 cottidiana
1276 4047 1426 4128 suffragia
1461 4065 1523 4128 que
1545 4065 1603 4129 per
1625 4045 1683 4106 mi-

425 4154 538 4214 nistros
563 4155 662 4236 ipsius
685 4156 817 4216 ecclesie
840 4175 898 4237 pro
922 4155 1074 4216 omnihus
1097 4153 1214 4217 Christi
1237 4153 1387 4215 fidelibus
1411 4153 1451 4214 ad
1485 4153 1615 4214 laudem
1632 4150 1683 4212 dei

423 4261 614 4339 generaliter
636 4260 704 4322 fieri
727 4277 970 4340 consueverunt,
987 4280 1045 4343 pro
1069 4260 1198 4342 prelatis
1222 4272 1253 4321 et
1277 4259 1435 4341 episcopis
1466 4258 1610 4319 eiusdem
1634 4277 1682 4318 ec-

425 4366 530 4444 clesie,
554 4368 609 4448 qui
634 4389 669 4428 ex
695 4368 753 4429 hac
786 4369 849 4428 vita
881 4368 1093 4446 decesserunt,
1125 4365 1213 4427 nulla
1246 4385 1388 4447 unquam
1420 4364 1509 4426 fieret
1538 4363 1683 4445 specialis

424 4473 580 4534 memoria
604 4493 662 4534 nec
686 4473 794 4554 aliqua
817 4473 966 4554 suffragia
990 4487 1169 4554 agerentur,
1203 4473 1268 4534 imo
1300 4471 1415 4532 exinde
1445 4483 1534 4532 metu
1567 4470 1682 4531 mentis

424 4580 560 4659 perculsi
584 4600 619 4641 ac
642 4580 806 4661 cupientes
830 4593 986 4661 quantum
1010 4599 1084 4641 cum
1108 4579 1169 4640 deo
1193 4579 1379 4661 poterimus,
1403 4576 1495 4638 sicuti
1517 4589 1623 4638 nostre
1638 4575 1683 4636 sic

425 4699 455 4744 et
478 4684 707 4747 nichilominus
730 4686 991 4768 predecessorum
1017 4699 1047 4747 et
1070 4705 1286 4748 successorum
1311 4697 1493 4746 nostrorum
1517 4681 1682 4765 episcopo-

424 4807 495 4849 rum
519 4790 613 4852 saluti
648 4792 797 4872 congruis
831 4791 981 4854 remediis
1008 4791 1177 4873 providere
1213 4805 1244 4853 et
1275 4791 1338 4852 vite
1373 4788 1478 4852 future
1512 4787 1683 4850 commoda

425 4895 518 4954 nobis
541 4909 571 4956 et
595 4896 716 4958 eisdem
740 4898 901 4958 bonorum
925 4909 997 4958 actu
1021 4916 1156 4979 operum
1180 4897 1288 4958 divina
1311 4896 1489 4978 opitulante
1507 4893 1681 4956 clemencia

425 5019 604 5082 procurare.
629 5003 756 5064 Habitis
791 5003 963 5085 superinde
987 5023 1126 5064 unacum
1149 5001 1297 5064 fratribus
1328 5001 1442 5064 nostris
1474 4999 1513 5060 de
1543 4999 1683 5082 capitulo
