3752 5806
623 605 698 664 Doc.
722 619 752 660 ε.
777 636 819 646 -
845 604 903 662 An.
927 613 1020 678 1500.
1427 621 1443 682 3

185 832 314 892 cubulos
337 831 405 892 vini
429 831 558 912 triginta
582 831 674 892 duos.
700 832 777 892 Item
809 830 850 893 ad
875 830 1026 892 fabricam
1052 829 1134 891 dicte
1167 830 1298 892 ecclesie
1323 831 1446 912 Golgo-

184 938 310 1016 czensis,
323 938 356 999 in
375 957 438 1019 qua
456 937 598 1019 corporis
610 937 658 998 sui
672 936 870 1019 sepulturam
883 936 991 1018 elegit,
1001 935 1119 1016 legavit
1136 934 1274 997 florenos
1287 937 1445 1019 quinqua·

182 1043 276 1124 ginta.
300 1043 381 1105 Item
404 1062 464 1126 pro
496 1043 705 1125 expedicione
730 1043 938 1124 exequiarum
962 1055 1106 1124 tempore
1137 1042 1366 1105 tumulacionis
1389 1064 1445 1107 sue

182 1148 358 1212 flendarum
383 1149 502 1230 legavit
524 1149 671 1212 similiter
695 1149 833 1212 florenos
861 1149 1105 1231 quinquaginta.
1130 1149 1208 1210 Item
1237 1148 1385 1211 fratribus
1406 1151 1445 1212 de

182 1256 386 1317 observancia
410 1256 442 1318 in
467 1257 641 1336 Petrowcz,
665 1275 724 1338 pro
747 1256 851 1318 missis
875 1268 906 1317 et
928 1255 1144 1334 oracionibus,
1161 1255 1302 1317 florenos
1331 1257 1444 1338 viginti

182 1362 333 1443 quinque.
351 1361 430 1424 Item
451 1362 491 1424 ad
514 1362 681 1424 ecclesiam
698 1362 782 1424 beati
799 1362 882 1444 regis
900 1360 1053 1444 Stephani
1070 1361 1310 1442 zagrabiensem
1327 1361 1445 1443 legavit

181 1485 314 1549 cuppam
349 1487 449 1530 unam
482 1468 643 1530 minorem
678 1479 873 1550 argenteam,
897 1467 1082 1529 deauratam
1117 1481 1148 1529 et
1183 1479 1257 1529 octo
1290 1468 1445 1530 coclearia

180 1586 338 1654 argentea.
348 1555 426 1634 Item
443 1573 533 1635 illam
549 1573 754 1636 medietatem
768 1573 885 1635 domus
901 1572 1058 1634 Budensis
1070 1572 1222 1634 directam
1239 1585 1270 1634 et
1285 1575 1445 1655 equalem,

179 1697 270 1759 quam
296 1678 506 1742 medietatem
530 1679 813 1742 reverendissimus
836 1677 973 1742 condam
998 1679 1149 1741 dominus
1166 1678 1338 1741 Oswaldua
1362 1682 1443 1763 epis-

179 1804 275 1866 copua
293 1785 381 1846 dicte
398 1786 529 1847 ecclesie
553 1787 779 1868 zagrabiensis,
795 1786 947 1848 dominus
967 1785 1088 1848 scilicet
1111 1798 1143 1846 et
1163 1783 1257 1846 frater
1277 1805 1363 1866 auus,
1380 1787 1441 1848 sibi

178 1891 208 1951 in
231 1891 384 1953 extremis
408 1892 473 1953 suis
496 1892 758 1954 testamentaliter
781 1891 953 1974 legaverat,
978 1891 1097 1972 legavit
1123 1891 1361 1954 venerabilibus
1385 1893 1442 1954 do-

178 1997 270 2058 minis
295 1998 438 2080 capitulo
464 2011 495 2060 et
518 1999 680 2060 canonicis
701 1999 846 2060 eiusdem
862 1998 995 2060 ecclesie
1012 1997 1227 2080 zagrabiensis
1242 1999 1444 2078 presentibus

177 2102 328 2164 videlicet
359 2117 390 2165 et
420 2103 534 2166 futuris
563 2125 622 2188 pro
654 2105 859 2167 oracionibus
891 2104 1054 2187 perpetuis
1075 2123 1134 2185 pro
1159 2103 1229 2185 ipso
1252 2116 1387 2167 testante
1412 2119 1443 2167 et

177 2209 456 2289 predecessoribus
494 2211 559 2272 suis
599 2209 781 2272 fundendis.
814 2211 892 2272 Item
930 2209 1150 2292 prebendariis
1188 2209 1276 2271 chori
1312 2211 1443 2273 ecclesie

177 2314 321 2377 eiusdem
339 2314 458 2397 legavit
474 2335 533 2397 pro
549 2316 654 2377 missis
670 2316 810 2378 florenos
823 2315 935 2396 viginti
951 2317 1094 2398 quinque
1110 2327 1142 2376 et
1158 2335 1255 2377 unam
1272 2317 1385 2378 subam
1403 2317 1442 2379 de

178 2419 318 2501 pellibus
342 2421 508 2482 variolinis
532 2421 645 2500 dorsis,
669 2423 763 2504 nigro
787 2422 945 2484 cendatho
968 2421 1170 2484 subductam.
1195 2421 1246 2482 Ad
1270 2421 1443 2484 claustrum

177 2527 265 2588 beate
302 2527 402 2588 Marie
437 2527 639 2609 Magdalene,
670 2527 809 2590 Cbasme
845 2528 1026 2606 fundatum,
1054 2547 1113 2610 pro
1146 2527 1264 2589 fabrica
1297 2529 1441 2592 eiusdem

176 2631 295 2713 legavit
325 2632 466 2694 florenos
495 2633 679 2696 duodecim.
704 2635 782 2696 Item
815 2634 856 2696 ad
881 2633 1037 2716 hospitale
1062 2645 1244 2695 sanctorum
1269 2633 1388 2697 Coame
1412 2649 1443 2696 et

175 2737 325 2800 Damiani
356 2739 524 2800 martirum
555 2739 674 2802 ibidem
709 2739 858 2819 Cbasme,
883 2740 1022 2802 florenos
1045 2738 1217 2801 duodecim
1239 2759 1298 2821 pro
1325 2739 1443 2802 fabrica

175 2844 308 2906 ecclesie
340 2844 495 2906 eiusdem.
527 2844 605 2906 Item
638 2845 786 2907 fratribus
820 2846 994 2908 Heremitis
1025 2865 1125 2928 prope
1157 2845 1358 2927 Zagrabiam,
1383 2867 1442 2928 pro

175 2949 392 3028 oracionibus,
418 2949 557 3012 florenos
586 2951 750 3013 tredecim.
783 2951 861 3014 Item
893 2952 1066 3014 successori
1098 2970 1168 3029 suo,
1191 2951 1341 3013 videlicet
1373 2973 1442 3034 pre-

174 3056 277 3137 posito
305 3054 531 3136 Golgoczensi,
556 3055 674 3136 lutur0,
699 3057 817 3142 legavit
844 3070 982 3139 quatuor
1021 3077 1122 3139 equos
1153 3056 1322 3119 curriferos
1346 3059 1441 3121 slmul

175 3181 245 3223 curn
270 3181 368 3223 curru
394 3175 424 3224 et
451 3163 602 3224 omnibus
620 3163 736 3225 domus
752 3163 918 3226 clenodiis.
936 3165 1013 3228 Item
1031 3164 1180 3242 Johanni,
1197 3163 1275 3225 alias
1292 3163 1441 3226 familiari

173 3287 240 3348 suo,
275 3267 357 3330 oIIm
398 3267 548 3330 videlicet
584 3267 658 3330 dicti
692 3269 830 3332 condam
862 3269 986 3331 domini
1020 3269 1274 3330 reverendissimi
1306 3269 1442 3333 Osualdi

175 3374 318 3457 episcopi
343 3372 552 3453 thawemico,
576 3373 694 3456 legavit
716 3374 856 3437 florenos
888 3375 1000 3438 decem
1023 3394 1082 3458 pro
1103 3375 1244 3436 serviciis
1265 3377 1340 3437 suis.
1364 3377 1441 3440 Item

176 3480 326 3564 Pawlycz
350 3481 486 3560 agazoni
511 3499 571 3542 suo
600 3480 738 3544 florenos
768 3481 889 3544 decem.
914 3481 991 3544 Item
1016 3482 1181 3544 Demetrio
1205 3481 1358 3545 currilero
1382 3503 1441 3546 suo

174 3586 313 3648 florenos
347 3585 502 3667 quInque.
527 3585 604 3648 Item
637 3585 847 3670 Cristophoro
881 3587 1053 3650 castellano
1081 3607 1140 3649 suo
1167 3587 1305 3650 florenos
1326 3590 1439 3671 viginti

173 3693 330 3773 quinque.
355 3691 433 3752 Item
463 3692 566 3754 tribus
597 3693 771 3773 capellanis
793 3694 868 3771 suis,
892 3693 1024 3755 cuilibet
1055 3713 1166 3754 eorum
1199 3693 1337 3756 florenos
1367 3709 1439 3774 tres,

172 3817 229 3879 pro
260 3797 478 3860 oracionibus.
499 3798 577 3859 Item
609 3799 757 3860 Emerico
790 3799 938 3862 familiari
962 3819 1032 3880 su0,
1064 3819 1130 3861 uno
1161 3819 1247 3880 equo
1279 3801 1440 3881 servienti,

172 3903 313 3965 florenos
337 3922 401 3965 sex.
419 3903 497 3966 Item
522 3903 670 3966 Dionisio
694 3905 820 3967 literato
845 3905 955 3968 curiali
979 3927 1038 3968 suo
1062 3905 1201 3967 florenos
1225 3906 1346 3968 decem.
1361 3907 1439 3968 It'em

171 4009 335 4090 clavigero
366 4028 437 4088 suo,
462 4009 601 4072 florenos
632 4012 786 4092 quinque.
811 4011 888 4074 Item
922 4011 1054 4073 cuilibet
1077 4024 1283 4074 executorum
1307 4032 1438 4074 suorum

170 4113 447 4196 iufrascriptorum
470 4115 588 4197 legavit
611 4116 751 4179 florenos
768 4117 891 4181 decern.
908 4118 986 4178 Item
1003 4116 1152 4179 Michaeli
1178 4117 1217 4178 de
1235 4117 1438 4179 Thernowcz

172 4219 324 4282 familiari
358 4240 429 4300 su0,
462 4213 580 4302 legavit
615 4222 762 4304 predium
797 4243 891 4284 suurn
928 4223 1049 4285 Lazecz
1082 4237 1243 4302 vocaturn,
1267 4223 1299 4283 in
1336 4223 1439 4285 insula

172 4326 322 4410 Ivvanych
347 4325 502 4406 habiturn,
527 4346 600 4388 cum
617 4328 821 4409 pertinenciis
844 4329 909 4390 suis
933 4329 1098 4407 universis,
1124 4348 1181 4410 pro
1204 4327 1353 4390 fidelibus
1376 4349 1439 4390 ser-

170 4432 262 4494 viciis
286 4432 363 4494 suis.
388 4433 466 4493 Item
498 4433 674 4494 venerabili
699 4433 833 4494 domiuo
864 4433 1016 4514 magistro
1040 4433 1186 4515 Nicola0,
1214 4433 1440 4496 archidiacono

83 4612 84 4615 Ἴ
170 4537 339 4600 dubicensi
372 4551 403 4598 et
434 4538 590 4600 canonico
622 4539 834 4620 zagrabiensi,
858 4539 976 4620 legavit
1007 4537 1146 4600 florenos
1177 4539 1286 4600 decern
1312 4553 1342 4600 et
1366 4553 1439 4602 octo

170 4663 228 4725 pro
246 4643 390 4706 serviciIs
414 4644 488 4724 suis,
505 4657 537 4706 et
553 4643 658 4706 eidem
681 4645 851 4724 commisit,
869 4658 903 4706 ut
923 4645 997 4706 vina
1014 4665 1070 4706 sua
1087 4645 1241 4726 Zagrabie
1266 4645 1437 4707 existencia

170 4769 229 4831 pro
262 4749 372 4811 anima
402 4769 458 4810 sua
490 4762 638 4832 exponat,
671 4763 767 4832 prout
797 4750 857 4810 sibi
891 4750 1061 4813 videbitur.
1094 4751 1172 4812 Item
1204 4749 1282 4812 mibi
1314 4751 1439 4812 notario

170 4853 375 4937 infrascripto
407 4875 466 4936 pro
497 4855 663 4918 laboribus
694 4868 724 4917 et
757 4854 876 4936 fatIgiis
907 4855 1026 4937 legavit
1052 4855 1191 4919 florenos
1215 4856 1336 4918 decern.
1362 4857 1440 4918 Item

169 4961 283 5022 subam
316 4981 408 5022 suam
439 4959 667 5040 mardurInain,
701 4963 802 5024 rubeo
827 4961 972 5023 harvasio
1006 4975 1133 5043 tectam,
1165 4963 1282 5044 legavit
1306 4962 1439 5024 domino
1488 5021 1492 5032 ,

170 5065 322 5146 IohannI,
347 5067 486 5148 plebano
519 5067 679 5143 crisiensi;
711 5067 806 5128 allam
840 5069 952 5127 sobam
984 5068 1129 5129 similiter
1158 5067 1374 5130 mardurInam
1400 5067 1439 5130 de
