3900 5804
708 551 828 610 Siatuia
852 553 1141 612 Praebendariorum.
1495 571 1555 631 313

294 781 417 863 privare
441 779 555 856 valeat,
589 797 685 840 unam
720 776 870 867 uidelicet
901 777 1173 860 comparationem
1207 798 1264 860 pro
1296 778 1472 860 presbitero
1496 779 1558 839 sol-

294 885 410 966 vend0,
447 886 502 967 qui
527 886 624 946 talem
655 885 785 946 missam
818 884 912 962 dicet,
929 885 1024 945 aliam
1057 903 1133 945 vero
1168 903 1227 965 pro
1258 903 1340 966 pena
1372 884 1558 946 huiusmodi

295 1011 423 1054 excessu
447 990 632 1068 subeunda3
668 1010 731 1072 que
775 991 971 1072 comparatio
1003 1003 1140 1079 ponetur
1182 989 1221 1051 ad
1253 989 1331 1051 alias
1363 991 1559 1072 privationes

295 1110 471 1161 consvetas.

398 1277 580 1335 Benedictom
604 1295 711 1350 aquam
733 1283 761 1333 et
782 1277 886 1333 librum
900 1275 1042 1349 psalterii
1054 1276 1164 1350 junior
1177 1275 1298 1351 deferat.

400 1415 554 1477 Unanimi
578 1430 654 1476 voto
679 1435 734 1498 per
758 1415 889 1476 eosdem
908 1414 1058 1475 dominos
1083 1413 1318 1476 Prebendarios
1342 1434 1502 1476 annexum
1529 1429 1559 1475 et

295 1494 541 1582 determinatum
566 1535 622 1600 est,
647 1519 736 1602 quod
759 1539 885 1602 semper
908 1534 975 1581 tam
999 1520 1031 1580 in
1058 1519 1299 1581 novilunalibus
1317 1520 1430 1582 diebus
1456 1521 1559 1582 dorni·

294 1627 373 1688 nicis
398 1640 429 1688 et
453 1625 539 1688 feriis
562 1627 721 1705 secundis,
745 1645 842 1707 quam
878 1626 980 1687 eciam
1008 1625 1140 1706 quando
1173 1627 1232 1708 ipsi
1264 1625 1376 1688 fratres
1406 1640 1561 1688 vocantur

295 1733 346 1794 vel
369 1745 521 1813 rogantur
545 1733 742 1814 ubicumque
766 1731 805 1794 ad
830 1731 1003 1793 dicendum
1024 1730 1173 1809 Placeb0,
1190 1731 1316 1814 vigilias
1333 1731 1558 1793 defunctorum

297 1839 454 1921 predictas
479 1859 536 1920 pro
561 1859 767 1920 quocumque
785 1837 949 1916 defunct0,
963 1838 1069 1898 iunior
1094 1836 1189 1900 frater
1213 1837 1334 1900 deferat
1358 1838 1560 1901 benedictam

298 1964 415 2026 aquam
439 1945 480 2006 ad
515 1944 750 2027 aspergendum
774 1945 879 2027 ipsum
914 1943 1009 2006 funus
1044 1961 1101 2005 seu
1135 1944 1317 2026 sepulcrum
1353 1943 1495 2007 defuncti
1531 1957 1562 2005 et

296 2051 414 2112 librum
439 2051 580 2133 psalterii
604 2051 644 2112 ad
669 2052 777 2113 locum
802 2051 856 2112 ubi
885 2063 987 2112 astant
1020 2049 1131 2111 fratres
1154 2070 1212 2132 pro
1236 2051 1405 2114 recitandis
1429 2068 1561 2131 respon-

295 2157 397 2236 soriis,
422 2156 605 2239 antiphonis
629 2170 724 2238 atque
748 2157 891 2219 collectis
908 2157 990 2218 circa
1006 2155 1069 2217 tale
1087 2153 1183 2219 funus
1207 2157 1368 2220 decantari
1393 2156 1560 2218 consvetis.

402 2336 452 2393 De
467 2337 634 2410 portatione
649 2337 793 2410 funerum
815 2355 864 2393 seu
887 2336 1085 2411 defimctorum
1109 2337 1321 2396 canonicorum.

402 2475 499 2549 Quod
524 2475 675 2537 omnibus
692 2474 840 2536 fratribus
857 2474 896 2535 ad
915 2475 1067 2536 noticiam
1091 2474 1251 2552 deveniat,
1270 2475 1409 2535 universi
1436 2473 1561 2534 domini

297 2577 504 2642 Prebendarii
528 2581 616 2642 chori
642 2581 774 2642 ecclesie
796 2581 1011 2662 zagrabiensis
1035 2581 1116 2642 inter
1149 2593 1253 2642 cetera
1286 2599 1398 2642 eorum
1429 2579 1562 2660 negocia

296 2699 464 2748 tractantes
486 2686 678 2768 generaliter
703 2701 733 2749 et
770 2685 984 2747 communiter
1020 2687 1230 2748 decreverunt
1262 2699 1292 2747 et
1316 2685 1453 2748 finaliter
1485 2704 1562 2745 una-

296 2792 375 2854 nimi
398 2805 474 2854 voto
498 2793 801 2871 determinaverunt,
827 2793 912 2854 iuxta
939 2792 1125 2855 mandatum
1150 2792 1391 2873 evangelicum:
1416 2805 1560 2854 mortuos

296 2897 441 2978 sepelire.
467 2897 556 2959 Sicut
587 2898 731 2962 canonici
768 2898 925 2980 prelatum
959 2897 1145 2960 defunctum
1178 2898 1297 2959 habent
1320 2898 1359 2959 ad
1384 2899 1491 2960 locum
1516 2917 1562 2958 se-

296 3002 423 3083 pulture
447 3001 581 3082 deferre,
605 3003 649 3065 sic
673 3003 792 3065 amodo
813 3017 844 3064 et
873 3003 1025 3086 deinceps
1046 3017 1184 3086 quatuor
1201 3005 1342 3066 iuniores
1358 3003 1564 3066 Prebendarii

296 3128 353 3190 per
376 3129 408 3169 se
433 3109 484 3170 vel
508 3129 565 3190 per
588 3109 689 3170 alium
712 3110 961 3190 prebendarium
995 3111 1167 3172 canonicos
1201 3109 1378 3187 defunctos,
1410 3131 1485 3172 suos
1509 3131 1563 3192 pa-

297 3227 417 3294 tronos,
442 3235 459 3274 a
483 3215 601 3296 quibus
624 3214 743 3277 habent
767 3215 956 3277 collationes
978 3236 1108 3278 suarum
1133 3216 1379 3298 prebendarum,
1400 3217 1440 3278 ad
1464 3217 1562 3278 eccle·

300 3320 380 3382 siam
404 3339 505 3402 usque
531 3321 571 3382 ad
595 3322 778 3403 sepulcrum
803 3322 854 3383 vel
879 3301 987 3382 locum
1012 3324 1176 3404 sepulture
1200 3322 1332 3384 defferre
1358 3323 1506 3384 debeant.
1525 3323 1565 3383 Et

297 3426 322 3486 si
346 3426 379 3487 in
403 3440 527 3488 tantum
553 3427 687 3488 cadaver
711 3426 853 3489 defuncti
879 3426 999 3489 funeris
1033 3429 1169 3510 spissum
1194 3443 1286 3507 esset,
1311 3429 1398 3510 quod
1424 3442 1562 3510 quatuor

298 3531 439 3592 iuniores
463 3529 544 3593 ferre
569 3547 600 3595 et
622 3547 749 3614 portare
774 3553 838 3595 non
864 3534 1017 3613 valerent,
1043 3535 1158 3596 iterum
1194 3547 1331 3616 quatuor
1355 3535 1466 3597 fratres
1490 3547 1562 3596 ante

298 3636 438 3698 iuniores
462 3639 642 3718 existentes,
667 3653 697 3700 et
712 3641 738 3700 si
754 3641 951 3722 peramplius
972 3660 1053 3723 opus
1070 3640 1163 3720 foret,
1179 3655 1255 3703 tunc
1273 3642 1357 3703 iuxta
1375 3641 1561 3702 mandatum

301 3741 413 3804 decani
431 3741 562 3806 fratrum
580 3745 717 3827 quilibet
733 3745 906 3827 portationi
936 3746 1097 3808 adiutorio
1115 3749 1233 3829 absque
1259 3748 1348 3808 omni
1366 3746 1564 3808 recusatione

300 3847 392 3927 adsit,
415 3851 474 3910 sub
499 3869 581 3932 pena
606 3863 636 3912 et
660 3851 799 3912 carentia
823 3852 970 3913 omnium
996 3852 1146 3934 quitquid
1171 3853 1229 3935 ipsi
1257 3853 1366 3914 fratres
1390 3872 1407 3912 a
1431 3851 1486 3912 tali
1511 3852 1564 3912 de·

299 3950 409 4016 functo
434 3955 590 4017 canonico
613 3977 709 4038 super
732 3955 882 4018 feretrum
908 3972 962 4018 aut
978 3959 1240 4020 testamentaliter
1258 3959 1420 4042 potuerint
1437 3957 1564 4020 habere.

409 4131 501 4208 Quod
521 4153 596 4192 unus
610 4137 717 4211 frater
738 4138 827 4194 alteri
847 4136 977 4196 zitrcrtizm
1000 4156 1058 4195 non
1082 4138 1202 4212 inferat.

404 4277 499 4334 Anno
524 4273 648 4335 domini
672 4275 846 4337 millesimo
871 4276 1190 4358 quadringentesimo
1215 4279 1425 4358 nonagesimo
1456 4279 1567 4356 tercio,

299 4376 377 4440 feria
401 4379 540 4440 secunda
565 4378 646 4440 infra
671 4394 799 4443 octavas
823 4382 997 4443 nativitatis
1030 4381 1159 4461 Christi,
1192 4383 1231 4444 ad
1264 4403 1379 4444 sonum
1412 4403 1566 4465 campane

298 4484 401 4563 solite,
427 4484 566 4545 universi
592 4485 716 4547 domini
738 4483 944 4549 Prebendarii
979 4487 1067 4549 chori
1099 4487 1231 4549 ecclesie
1267 4489 1481 4569 zagrabiensis
1512 4510 1565 4570 ge·

299 4590 448 4651 neraliter
473 4593 669 4673 congregati,
690 4593 771 4654 inter
795 4607 897 4674 cetera
922 4594 1065 4676 ipsorum
1094 4595 1225 4675 negocia
1258 4595 1432 4673 tractanda,
1458 4595 1564 4656 decre-

299 4708 412 4757 verunt
436 4709 467 4757 et
491 4697 685 4759 unanimiter
709 4698 1012 4777 determinaverunt,
1040 4714 1072 4760 ut
1097 4699 1135 4760 de
1153 4714 1258 4762 cetero
1282 4700 1434 4762 honoret
1452 4702 1567 4763 karitas

214 4853 217 4859 a
300 4801 381 4862 inter
397 4820 452 4862 eos
468 4815 622 4884 augeatur
637 4817 668 4864 et
678 4819 912 4885 augmentetur,
936 4817 1114 4867 statuerunt
1126 4806 1213 4866 enim
1227 4806 1325 4868 modo
1343 4805 1560 4889 infrascripto:

300 4905 388 4988 quod
413 4907 610 4989 quicumque
635 4909 729 4970 alicui
754 4930 791 4970 ex
816 4910 964 4972 fratribus
987 4911 1182 4992 ubicumque
1199 4912 1346 4974 locorum
1370 4911 1472 4974 facere
1497 4933 1566 4994 pre·

300 5026 477 5096 sumpseret
500 5014 641 5095 aliquam
666 5014 867 5078 manifestam
901 5016 1062 5096 iniuriam,
1088 5017 1138 5080 vel
1168 5037 1251 5078 unus
1283 5018 1419 5079 alterum
1444 5018 1567 5102 vitupe-
