3900 5804
440 1623 492 1682 De
515 1626 699 1683 veneratione
714 1627 911 1702 festivitatum
935 1627 1109 1687 advertatur
1130 1631 1248 1690 manca
1270 1652 1407 1708 sequens:

391 1815 465 1868 Licet
485 1817 517 1867 de
537 1816 709 1868 veneratione
729 1821 756 1868 et
780 1816 929 1868 reverentia
949 1815 1123 1870 festivitatum
1143 1818 1169 1869 in
1188 1819 1289 1872 diocesi
1319 1825 1485 1889 zagrabiensi
1505 1827 1551 1877 ob-

286 1907 424 1970 servanda,
443 1905 469 1958 in
488 1903 669 1972 breviariistb·
682 1904 808 1968 specialis
838 1903 942 1955 rubrica
960 1917 1008 1955 seu
1028 1906 1119 1956 tabula
1144 1908 1277 1972 descripta
1302 1911 1439 1978 habeatur,
1459 1927 1551 1964 secun-

286 1993 399 2058 dumque
417 1991 489 2046 illam
509 1994 625 2045 tabulam
645 2009 693 2058 per
712 1993 841 2044 diocesim
860 1991 1061 2058 zagrabiensem
1082 2007 1097 2045 a
1115 1997 1264 2047 rectoribus
1284 1999 1456 2052 ecclesiarum
1477 2003 1551 2056 iesti-

286 2081 382 2132 vitates
402 2087 555 2135 sanctorum
573 2085 723 2134 venerande
751 2082 938 2146 utplurimum
964 2082 1151 2134 consueverint
1175 2085 1352 2148 pronunciari.
1373 2087 1440 2154 Quia
1464 2096 1551 2144 tamen

286 2169 382 2220 chorus
403 2172 518 2223 ecclesie
546 2171 729 2236 zagrabiansis
750 2175 776 2222 et
795 2185 844 2235 per
871 2181 1039 2235 consequeus
1070 2171 1149 2223 etiam
1178 2174 1324 2226 communis
1353 2179 1467 2242 populus
1497 2181 1550 2232 loci

286 2260 405 2312 eiusdem
424 2260 554 2312 rubricam
574 2262 684 2312 eandem
704 2261 799 2324 partim
819 2259 940 2324 sequitur
951 2261 978 2308 et
992 2257 1127 2316 observat,
1140 2259 1236 2325 partim
1256 2276 1320 2314 vero
1334 2265 1412 2316 aliter
1425 2281 1457 2318 ex
1471 2269 1552 2334 ionga

286 2353 312 2399 et
332 2347 453 2400 diuturna
472 2349 653 2418 observantia,
673 2349 747 2400 cuius
768 2348 869 2400 initium
889 2345 1018 2398 memoria
1045 2347 1179 2400 bominum
1199 2363 1251 2401 non
1277 2353 1476 2416 comprehendit
1503 2359 1550 2408 ob·
1583 2391 1585 2394 -

286 2437 450 2489 servandum.
462 2437 609 2489 introduxit
620 2421 719 2488 idcirco
732 2437 907 2484 kalendarium
922 2436 1066 2505 precedens
1082 2449 1115 2487 eo
1136 2437 1215 2488 niodo
1230 2443 1256 2489 et
1275 2439 1368 2491 ordine
1388 2441 1549 2508 descriptum

286 2529 335 2588 est,
356 2539 408 2590 quo
428 2523 557 2578 videlicet
577 2525 672 2596 chorus
691 2523 874 2590 zagrabiensls
900 2539 930 2576 ao
949 2522 1029 2575 etiarn
1057 2525 1202 2577 communis
1223 2528 1339 2591 populus
1358 2529 1411 2581 ioci
1431 2531 1550 2584 eiusdem

210 2609 213 2612 ’
286 2613 447 2665 festivitates
466 2614 615 2665 huiusmodi
635 2612 700 2666 colit
720 2617 747 2664 et
767 2614 903 2666 observat.
922 2611 974 2663 Pro
994 2611 1067 2662 cuius
1088 2613 1193 2677 quidem
1212 2615 1355 2665 kalendant
1372 2616 1550 2685 intelligentia

286 2699 390 2754 clariori
401 2702 439 2752 ita
450 2700 561 2766 quilibet
572 2701 640 2753 sciat
651 2705 678 2753 et
697 2701 836 2767 intelligat,
848 2701 918 2766 quod
938 2700 1095 2764 ubicumque
1109 2699 1134 2750 iu
1154 2702 1249 2752 eodem
1260 2703 1405 2754 kalendaria
1423 2708 1548 2773 scriptum

285 2793 339 2840 est:
363 2790 450 2838 Totum
467 2791 572 2854 solenne,
591 2790 656 2840 illud
677 2790 772 2842 iestum
790 2795 844 2840 tam
863 2803 912 2853 per
936 2788 1044 2839 chorum
1069 2788 1279 2853 aagrabiensem‚
1299 2805 1376 2854 quarn
1403 2793 1482 2845 etiam
1501 2809 1550 2859 per

285 2877 411 2942 populum
429 2877 483 2929 loci
503 2877 623 2930 eiusdem
642 2878 749 2930 omnino
764 2881 905 2928 veneratur
918 2880 946 2926 et
958 2873 1061 2927 colitur.
1082 2873 1133 2926 Ubi
1153 2889 1218 2927 vero
1232 2877 1359 2942 scriptum
1372 2884 1427 2932 est:
1440 2883 1549 2948 Solenne,

286 2965 349 3017 illud
369 2966 466 3018 iestunn
485 2967 581 3018 chorus
602 2966 706 3032 quidem
727 2962 909 3030 aagrabiensis
930 2963 1010 3014 certis
1030 2961 1182 3014 cerimoniis
1203 2969 1229 3014 et
1254 2966 1432 3019 observantiis
1460 2969 1549 3022 solitis

285 3059 424 3106 veneratur
443 3059 468 3106 et
489 3053 561 3120 coiit,
580 3055 694 3120 populus
714 3042 802 3106 autem
821 3051 902 3104 licitis
922 3056 949 3103 et
969 3049 1089 3102 honestis
1109 3052 1246 3104 laboribus
1261 3057 1287 3104 et
1302 3055 1410 3107 culturis
1427 3071 1550 3122 agrorum

285 3143 404 3205 intendit,
424 3143 544 3208 exceptis
563 3143 655 3208 paucis
675 3143 744 3194 sicut
764 3143 903 3192 beatorum
925 3140 1028 3202 Georgii
1052 3141 1078 3189 et
1097 3139 1234 3188 Laurentii
1256 3145 1397 3206 martyrum
1429 3159 1459 3196 ac
1478 3147 1549 3198 beati

284 3231 397 3280 Martini
414 3231 535 3295 episcopi
555 3235 582 3281 et
600 3230 773 3294 contessoris,
795 3244 845 3294 que
865 3229 980 3294 populus
1001 3239 1033 3277 ex
1061 3225 1189 3290 singulari
1210 3228 1335 3280 devotius
1362 3237 1503 3283 veneratur
1523 3241 1549 3285 et

285 3318 350 3369 coiit
378 3318 439 3369 Alia
459 3332 523 3371 vero
544 3319 613 3369 testa
633 3317 772 3383 simplicia,
801 3317 879 3368 trium
898 3313 1042 3368 lectionum
1063 3321 1090 3368 et
1116 3314 1252 3380 idernorie,
1278 3318 1394 3369 ecclesia
1414 3320 1548 3373 dumtaxat

285 3411 423 3457 veneratur
442 3406 539 3457 debitis
559 3403 663 3466 officiis,
684 3406 799 3470 populus
820 3409 906 3456 autem
934 3404 1072 3456 laboribus
1100 3409 1251 3468 occupatur.
1278 3405 1331 3456 Hec
1350 3411 1437 3459 autem
1457 3410 1549 3461 obser·

285 3494 373 3544 vantia
392 3509 460 3559 equa
479 3500 506 3545 et
524 3495 639 3545 honesta
656 3493 768 3558 videtur,
788 3493 912 3559 quoniam
932 3506 980 3557 per
1000 3505 1058 3544 earn
1086 3497 1113 3543 et
1138 3491 1237 3544 sanctis
1265 3490 1352 3545 honor
1379 3496 1484 3548 debitus
1502 3511 1550 3562 per

285 3582 426 3633 ecclesiam
445 3582 614 3647 impenditur,
633 3588 660 3633 et
680 3581 778 3633 Christi
798 3581 890 3632 fideles
911 3595 926 3631 a
946 3579 1082 3632 laboribus
1103 3585 1129 3631 et
1149 3579 1317 3645 agriculturis
1343 3583 1399 3634 suis
1427 3598 1479 3634 uon
1509 3600 1549 3636 re-

283 3671 427 3743 trabuntur.
448 3668 608 3722 Sacerdotes
628 3671 710 3734 igitur
727 3669 895 3735 parochiales
911 3670 978 3720 bene
991 3671 1083 3720 notent
1096 3667 1236 3732 premissa,
1250 3667 1436 3736 imitenturque
1455 3673 1546 3724 obser·

284 3755 398 3809 vantium
418 3759 532 3810 ecclesie
552 3756 733 3824 zagrabiensis
754 3757 908 3822 predictam,
929 3755 990 3822 quia
1009 3756 1068 3822 ipsa
1088 3761 1129 3808 est
1148 3761 1233 3808 mater
1246 3761 1273 3808 et
1293 3758 1421 3824 magistra
1434 3761 1548 3811 omnium

285 3846 456 3897 ecclesiarum
476 3847 585 3898 aliarum
605 3859 653 3898 sue
673 3845 799 3900 diocesis.

386 4035 411 4102 ³)
430 4039 565 4088 Brevabn‘a
584 4039 639 4090 cccl.
658 4038 757 4102 sagrad.
784 4038 890 4088 Venetia}
908 4039 972 4104 typis
989 4039 1128 4104 descripta:

390 4143 551 4196 Breuiarium
571 4143 643 4194 iuxta
661 4143 878 4195 consuetudinem
893 4159 924 4195 ac
943 4143 1121 4210 quotidianam
1135 4143 1332 4196 observantiam
1346 4144 1419 4196 chori
1434 4145 1548 4198 ecclesie

284 4229 472 4296 Zagrabiensis
501 4233 691 4284 moderatum.
712 4271 717 4283 .
739 4269 745 4281 .
765 4269 771 4282 .
791 4246 885 4297 magna
910 4247 967 4283 curn
996 4231 1134 4297 diligentia
1159 4229 1274 4282 revisum
1302 4235 1329 4282 et
1357 4231 1428 4283 fideli
1455 4235 1546 4286 studio

284 4321 448 4371 emendatum
466 4334 514 4384 per
526 4320 705 4371 venerabilem
719 4320 852 4371 dominum
864 4320 980 4371 Blasiuns
994 4321 1159 4371 decretorum
1174 4320 1320 4383 doctorem,
1334 4320 1548 4373 archidiaconum

283 4407 316 4456 de
335 4405 444 4458 Kemleh
462 4411 490 4458 et
509 4405 662 4459 canonicum
682 4408 796 4459 ecclesie
816 4409 1005 4474 zagrabiensis.
1023 4409 1182 4472 impressum
1195 4406 1314 4458 venetiis
1338 4422 1386 4472 per
1404 4408 1547 4460 Erhardurn

283 4491 392 4546 Radtolt
411 4497 444 4546 de
461 4495 588 4560 Augusta.
608 4497 682 4547 Anno
701 4496 839 4548 salutifere
858 4495 1047 4547 incarnationis
1068 4491 1330 4547 uccchxxllllu.

388 4635 550 4687 Breviarium
570 4637 712 4687 secundum
733 4650 807 4687 usum
827 4636 941 4688 ecclesie
958 4635 1146 4702 Zagrabiensis
1167 4647 1332 4699 magnacum
1352 4634 1489 4698 diligentia
1508 4649 1548 4684 re·

282 4721 367 4772 visum
386 4727 412 4773 et
431 4722 503 4774 fideli
522 4723 610 4774 studio
631 4724 806 4777 emendatum.
821 4723 978 4788 impressum
992 4723 1111 4775 Venetiis
1125 4737 1173 4788 per
1188 4721 1377 4772 Lucantonium
1391 4723 1423 4772 de
1440 4721 1547 4781 Ginaia,

283 4808 470 4863 Florentinum.
492 4810 621 4876 impensis
639 4811 750 4878 Joannis
771 4811 833 4874 Pap,
852 4811 953 4863 librarii
972 4811 1107 4863 budensis.
1126 4814 1203 4862 Anno
1225 4809 1323 4860 domini
1344 4808 1510 4861 MCCCCCV.

810 4983 1018 5020 —x——-
