3900 5804
437 1501 575 1584 lbesus
603 1502 799 1598 cbristus,
826 1503 952 1586 Maria
979 1505 1095 1603 filius,
1115 1504 1158 1586 iu
1181 1503 1313 1588 secula
1339 1503 1537 1587 laudetur.
1564 1504 1700 1586 Amen.

543 1718 682 1794 Sequiaar
705 1718 900 1779 iuramentum
923 1721 1188 1780 Prehendariorum
1212 1723 1242 1778 r'n
1269 1721 1345 1778 tanc
1359 1721 1512 1796 famam:

545 1859 615 1940 Ego
639 1859 678 1920 N.
703 1859 833 1936 detali,
857 1859 1089 1941 prebendarius
1102 1857 1190 1920 chori
1214 1859 1297 1921 alme
1315 1859 1447 1922 ecclesie
1471 1859 1696 1942 zagrabiensis,

438 1962 509 2044 juro
533 1978 564 2026 et
586 1964 740 2047 promitto
776 1964 917 2026 dominis
949 1978 980 2027 et
1011 1964 1160 2028 fratribus
1190 1965 1271 2027 meis
1314 1965 1533 2048 prebendariis
1558 1965 1698 2048 predicte

438 2070 570 2132 ecclesie
594 2071 809 2151 zagrabiensis
844 2069 1043 2151 fidelitatem,
1067 2072 1317 2154 promotionem,
1348 2073 1617 2154 procurationem.
1643 2071 1698 2133 Se·

437 2189 521 2237 creta
557 2175 659 2237 celare
684 2189 715 2237 et
738 2189 864 2255 statuta,
888 2177 1143 2255 constitutiones,
1177 2177 1420 2259 laudabilesque
1453 2177 1699 2240 consuetudines

437 2281 580 2362 ipsorum
615 2279 748 2344 firmiter
785 2283 964 2362 observare,
997 2283 1140 2344 debitam
1171 2284 1382 2345 reverentiam
1414 2298 1445 2346 et
1478 2284 1695 2347 obedientiam

437 2387 557 2448 eisdem
581 2387 722 2449 dominis
746 2399 777 2450 et
800 2386 950 2450 fratribus
973 2390 1054 2450 meis
1077 2390 1109 2451 in
1133 2391 1229 2452 rebus
1252 2389 1348 2451 licitis
1371 2389 1542 2466 exbibere3
1559 2390 1603 2451 sic
1619 2389 1698 2450 deus

436 2512 488 2554 me
510 2493 640 2554 adiuvet
663 2507 694 2555 et
717 2493 774 2556 hec
797 2507 904 2556 sancta
929 2495 980 2558 dei
1005 2496 1182 2578 evangelia.

538 2691 737 2749 Iurameatum
758 2690 869 2750 decani.
893 2691 957 2748 Hac
978 2699 1021 2748 est
1032 2688 1160 2767 forma:

538 2811 609 2892 Ego
632 2811 671 2874 N.
696 2810 736 2872 de
759 2811 826 2890 tali,
851 2811 990 2872 decanus
1014 2811 1222 2873 dominorum
1253 2811 1539 2894 prebendariorum
1571 2813 1642 2874 iuro
1667 2826 1698 2874 et

434 2917 598 2998 promitto,
620 2918 709 2999 quod
732 2907 870 2979 li'deliter
891 2917 1122 2980 administrabo
1153 2938 1209 3000 per
1232 2938 1285 2981 me
1316 2918 1455 2999 inventa,
1480 2931 1512 2980 et
1545 2919 1695 2980 solertem

434 3022 635 3104 diligentiam
659 3022 774 3086 faciam
799 3023 831 3084 in
854 3022 1054 3105 procuranda
1079 3023 1214 3086 utilitate
1240 3037 1271 3085 et
1292 3037 1467 3106 augmento
1498 3024 1597 3106 ipsius
1621 3044 1695 3086 con-

434 3127 649 3208 fraternitatis,
673 3141 704 3190 et
727 3129 815 3210 quod
839 3127 976 3191 fideliter
1000 3131 1198 3191 conservabo
1221 3143 1286 3191 tam
1303 3130 1411 3191 oblata
1428 3149 1524 3211 quam
1541 3130 1695 3211 acquisita

434 3233 485 3296 vel
509 3234 618 3296 relicta
642 3233 748 3296 eidem
773 3232 1042 3312 confraternitati;
1066 3235 1110 3296 sic
1133 3254 1187 3297 me
1210 3235 1290 3298 deus
1313 3235 1443 3298 adiuvet
1465 3250 1497 3298 et
1512 3235 1571 3298 hec
1587 3248 1694 3298 sancta

434 3339 486 3401 dei
509 3340 688 3422 evangelia.

543 3537 631 3611 Quod
649 3538 747 3595 nullus
768 3537 946 3594 &marorum
968 3536 1225 3610 prebendan'arum
1254 3545 1364 3594 recuset
1390 3555 1535 3595 assumere
1566 3538 1693 3612 affictum

432 3643 589 3700 decanatus
608 3644 659 3700 sub
674 3652 756 3716 perra
779 3640 828 3702 laic
848 3642 999 3717 descn'pta.

547 3763 581 3824 ln
616 3783 702 3825 anno
737 3763 861 3825 domini
897 3763 1069 3825 millesimo
1105 3763 1422 3844 quadringentesimo
1458 3763 1692 3844 septuagesimo

432 3883 557 3949 octavo,
581 3871 613 3931 in
637 3869 747 3950 vigilia
771 3870 855 3931 beati
880 3863 1049 3930 La'urencii
1072 3869 1220 3930 martiris.
1244 3869 1295 3930 Ad
1326 3869 1509 3951 generalem
1537 3888 1691 3930 convoca-

431 3977 553 4038 tionem
578 3975 784 4037 dominorum
809 3974 1097 4037 Prebendariorum
1121 3975 1253 4036 ecclesie
1286 3975 1511 4057 zagrabiensis,
1534 3975 1568 4035 in
1593 3975 1691 4036 eccle-

431 4083 477 4144 sia
501 4082 601 4144 sancti
626 4081 779 4164 Stephani
802 4081 1067 4164 prothomartiris,
1091 4081 1150 4163 ipsi
1183 4081 1326 4143 unanimi
1360 4095 1436 4143 voto
1467 4081 1693 4142 concluserunt

432 4188 464 4248 in
489 4188 646 4250 electione
669 4187 779 4249 decani
806 4201 836 4249 et
859 4187 921 4248 fine
946 4187 1055 4248 debito
1087 4187 1348 4266 terminaverunt,
1373 4186 1461 4269 quod
1495 4187 1690 4268 quicumque

431 4313 468 4355 ex
498 4293 619 4355 eisdem
652 4313 717 4354 non
748 4307 923 4354 assumeret
953 4291 1096 4354 officium
1122 4292 1294 4354 decanatus
1316 4292 1369 4354 vel
1392 4305 1562 4370 recusaret,
1594 4310 1690 4373 quem

431 4397 542 4460 fratres
565 4399 730 4480 elegerint,
754 4399 813 4461 erit
844 4399 985 4481 privatus
1027 4399 1189 4460 consortio
1222 4413 1252 4460 et
1283 4399 1491 4481 proventibus
1522 4417 1690 4480 quousque

430 4504 579 4568 fratribus
602 4505 766 4589 placuerit.

538 4701 626 4774 Quod
644 4701 743 4758 nullus
758 4701 894 4775 fratrum
917 4707 1026 4758 recuset
1046 4701 1076 4756 in
1107 4701 1219 4773 negotio
1249 4699 1412 4758 Kalendini
1431 4707 1459 4757 et
1479 4699 1689 4757 communitatis

384 4849 385 4852 ,
429 4807 564 4864 decanum
587 4807 761 4865 coadiuaare
782 4808 834 4864 sub
849 4816 929 4880 pena
951 4807 998 4863 hic
1022 4814 1167 4879 expressa.

533 4932 628 4990 Anno
653 4929 776 4990 domini
801 4927 973 4990 millesimo
997 4925 1314 5008 quadringentesimo
1330 4927 1565 5008 septuagesimo
1582 4925 1689 5002 tercio,

429 5034 462 5094 in
486 5035 596 5116 vigilia
620 5035 703 5096 beati
729 5035 893 5096 Laurentii
911 5035 1058 5096 martiris.
1075 5030 1208 5103 Domini
1226 5033 1431 5095 Prebendarii
1452 5032 1540 5094 chori
1557 5031 1688 5093 ecclesie
