3808 5792
384 521 445 600 236
794 524 869 584 Dec.
893 518 963 599 187.
989 555 1032 566 -
1056 525 1225 606 A⁸·,15²3·

383 763 490 811 nostre
514 751 729 832 zagrabiensia
752 753 997 833 prebendalisa
1030 752 1282 836 septemtrionali
1313 751 1471 832 siquidem
1504 753 1646 834 pertibus

383 856 576 918 venerabilis
599 857 740 936 magistri
765 857 984 920 Bartholomei
1008 859 1048 921 de
1077 857 1224 922 Klokoch
1248 855 1352 919 fratris
1375 872 1406 918 et
1437 859 1646 920 concanonici

383 961 482 1024 nostri
507 961 703 1024 canonicalis
726 961 843 1024 domus
867 962 1057 1042 vicinantur,
1082 963 1115 1025 in
1139 963 1241 1041 ruins,
1267 962 1473 1044 articulisque
1489 977 1520 1024 et
1537 983 1645 1050 neces·

382 1065 527 1130 sitatibus
550 1067 616 1130 suis
639 1065 825 1146 reformare,
851 1081 1036 1147 restaurare,
1061 1082 1245 1132 construere
1270 1080 1301 1130 et
1326 1069 1413 1129 bono
1437 1068 1536 1129 modo
1553 1068 1644 1130 meli·

384 1189 486 1250 orare,
510 1190 569 1234 nec
592 1191 658 1234 non
685 1190 782 1234 unam
806 1185 994 1255 perpetuam
1011 1175 1141 1236 missam
1159 1173 1199 1236 de
1216 1186 1325 1234 sancto
1342 1172 1487 1234 lobanne
1510 1174 1646 1255 baptista

385 1275 503 1340 Christi
529 1297 603 1340 cum
619 1277 780 1340 collectis:
797 1279 900 1360 prima
916 1280 1056 1361 propria,
1072 1278 1211 1342 secunda
1229 1298 1288 1360 pro
1304 1278 1467 1340 sacerdote
1484 1277 1645 1357 defuncto,

385 1383 481 1444 tercia
505 1382 544 1448 de
569 1384 722 1445 omnibus
745 1385 870 1463 sanctis,
887 1399 1000 1466 quarta
1023 1405 1082 1468 pro
1105 1399 1181 1448 voto
1206 1385 1406 1462 celebrantis,
1423 1385 1535 1465 quinta
1551 1403 1643 1446 vero:

387 1487 509 1550 Exaudi
532 1502 604 1566 etc;
628 1489 660 1550 in
685 1509 760 1551 casu
783 1503 902 1569 autem,
926 1509 992 1572 quo
1024 1491 1092 1552 dies
1116 1489 1259 1568 festivus,
1282 1490 1437 1552 solemnis
1471 1491 1522 1550 vcl
1553 1509 1646 1572 supra

385 1594 538 1674 evenerit,
562 1596 658 1658 missa
682 1595 749 1678 ipss
772 1595 811 1656 de
834 1609 979 1678 tempore
1004 1617 1076 1658 cum
1108 1597 1252 1660 collectis
1286 1596 1404 1678 quibus
1434 1615 1529 1677 supra
1565 1595 1645 1658 cele-

386 1701 494 1762 bretur
517 1700 662 1782 qualibet
684 1698 762 1762 feria
786 1715 897 1782 quarta
921 1702 1056 1782 singulis
1078 1701 1268 1764 ebdomadis
1292 1703 1324 1763 in
1348 1721 1402 1764 are
1432 1715 1540 1762 sancte
1572 1701 1645 1783 Ely-

386 1803 499 1868 zabetb
523 1805 621 1868 vidue
647 1807 679 1868 iu
703 1806 836 1868 ecclesia
860 1819 968 1868 nostra
991 1807 1190 1889 zagrabiensi
1214 1807 1437 1890 prenominata
1452 1807 1511 1868 sub
1529 1805 1646 1868 minori

386 1908 504 1989 officio,
529 1931 595 1993 quo
620 1912 778 1994 Requiem
796 1912 1034 1974 communitatis
1052 1927 1158 1975 nostre
1175 1913 1238 1974 dici
1255 1927 1286 1974 et
1303 1913 1455 1974 celebrari
1473 1912 1647 1990 consuevit,

386 2015 540 2095 fundare;
561 2017 638 2080 item
655 2018 789 2080 domum
805 2037 896 2080 susm
921 2017 961 2080 de
978 2037 1063 2080 novo
1080 2019 1112 2079 in
1130 2038 1202 2080 arce
1219 2018 1417 2100 zagrabiensi
1435 2031 1646 2079 constructam

387 2135 418 2182 et
439 2135 588 2202 erectam,
612 2143 670 2184 uec
694 2143 760 2185 non
784 2124 938 2205 quasdam
964 2123 1043 2185 dusa
1066 2124 1176 2186 vineas
1199 2143 1282 2202 suas,
1306 2142 1404 2185 unam
1425 2123 1538 2203 viginti
1555 2123 1647 2203 quin-

385 2247 448 2310 que
472 2227 602 2290 florenis
625 2242 776 2311 emptam,
800 2228 932 2290 alteram
956 2242 1063 2290 autern
1089 2247 1185 2312 penes
1209 2229 1346 2292 eandem
1377 2228 1417 2288 de
1441 2247 1527 2289 novo
1559 2229 1646 2310 plan·

385 2345 482 2396 tetam
506 2333 546 2396 ad
571 2335 681 2396 decem
698 2335 925 2415 ligonizstores
942 2335 973 2396 in
991 2335 1238 2418 promonthorio
1256 2334 1422 2416 Laschyna
1440 2347 1471 2395 et
1488 2333 1647 2394 territorio

386 2439 446 2502 vici
472 2440 661 2502 Latinorum
686 2439 839 2518 habitam,
870 2439 977 2502 eidem
1011 2441 1174 2523 prebende
1206 2454 1237 2502 et
1274 2440 1385 2501 domui
1418 2453 1586 2500 annectere
1620 2452 1651 2499 ct

386 2543 464 2606 alias
488 2544 520 2606 in
545 2559 701 2626 quantum
737 2545 957 2627 possibilitatis
985 2565 1040 2608 sue
1076 2545 1171 2608 fuerit
1205 2545 1371 2628 presertim
1407 2545 1439 2606 in
1472 2543 1651 2606 coemendo

386 2646 476 2711 senili
501 2651 695 2732 competenti
721 2649 826 2712 eidem
857 2651 1021 2733 prebende
1045 2653 1127 2714 inter
1151 2666 1255 2714 cetera
1284 2670 1432 2733 sumpme
1456 2651 1648 2728 necessario,

387 2775 533 2818 necnon
559 2755 591 2817 in
615 2755 679 2817 vita
703 2769 734 2818 et
757 2757 789 2818 iu
814 2757 927 2818 mortis
950 2757 1085 2818 articulo
1116 2771 1180 2819 tam
1206 2757 1238 2818 in
1269 2757 1417 2838 pecuniis
1449 2775 1546 2837 quarn
1578 2755 1650 2816 aliis

386 2861 480 2922 rebus
503 2879 562 2944 pro
586 2881 642 2923 sua
666 2879 864 2942 suorumque
887 2875 1055 2944 parentum
1081 2877 1112 2924 et
1135 2863 1452 2944 consanguineorum
1475 2873 1572 2941 atque
1598 2862 1650 2922 be·

387 2965 587 3028 nelactorum
612 2979 643 3029 et
667 2967 768 3029 eciam
793 2967 880 3028 illius
903 2967 1067 3050 prebende
1091 2967 1244 3050 primitivi
1267 2981 1297 3030 et
1322 2967 1506 3050 principalis
1537 2965 1651 3028 funda·

386 3072 463 3134 toris
487 3086 517 3135 et
542 3073 732 3135 institutoris
748 3074 927 3135 animarum
945 3074 1057 3154 salute,
1074 3074 1114 3135 ad
1132 3073 1273 3153 laudern,
1290 3073 1427 3154 gloriam
1445 3086 1477 3134 et
1492 3072 1651 3134 bonorem

387 3177 437 3238 dei
462 3179 693 3262 omnipotentis
709 3193 740 3240 et
754 3180 857 3242 tocius
873 3181 960 3242 curie
977 3180 1101 3243 celestis
1117 3181 1227 3242 dotare
1243 3180 1472 3263 proposuisset,
1489 3179 1652 3259 velletque

387 3297 418 3344 et
434 3283 588 3347 niteretur
604 3285 644 3346 de
662 3283 758 3361 facto,
784 3286 967 3368 supplicans
983 3286 1077 3347 nobis
1094 3285 1275 3348 humillime
1293 3297 1452 3366 quatenus
1467 3283 1653 3346 huiusmodi

387 3409 481 3452 suum
505 3392 638 3471 bonum,
670 3392 841 3454 honesturn
873 3405 904 3454 et
934 3391 1097 3454 laudabile
1132 3392 1334 3474 propositum
1368 3404 1399 3452 et
1433 3391 1650 3452 intencionem

387 3498 576 3579 approbare,
600 3497 766 3577 ratificare,
790 3498 902 3580 illique
927 3511 1072 3560 nostrum
1095 3499 1276 3579 graciosum
1301 3509 1332 3559 et
1355 3496 1545 3558 benivolum
1579 3515 1653 3558 con·

387 3623 516 3666 sensum
542 3604 659 3686 pariter
682 3617 713 3666 et
737 3623 900 3666 assensum
932 3605 1076 3686 prebere,
1100 3623 1242 3666 annuere
1271 3617 1303 3665 et
1335 3602 1511 3665 concedere
1543 3602 1654 3683 digua·

389 3729 505 3773 remur.
530 3711 597 3772 Nos
620 3725 739 3789 autem,
761 3710 879 3792 quibus
903 3710 1061 3772 incumbit
1083 3709 1164 3791 justa
1187 3709 1370 3791 petentibus
1393 3728 1459 3769 non
1484 3707 1654 3788 denegare,

388 3816 570 3898 quinimmo
600 3817 686 3878 iuxta
720 3815 901 3878 sanctiones
936 3835 1097 3877 canonum
1130 3815 1299 3876 salubriter
1332 3814 1372 3875 ad
1415 3813 1447 3874 id
1479 3813 1590 3874 venire
1625 3825 1655 3873 et

389 3923 561 4004 requirere,
595 3941 660 4004 quo
684 3922 813 3983 divinus
849 3923 952 3983 cultus
984 3921 1017 3982 in
1041 3921 1109 3982 dies
1133 3920 1235 4002 magis
1265 3939 1301 3981 ac
1332 3919 1435 4000 magis
1465 3919 1498 3980 in
1522 3917 1655 3980 ecclesia

389 4029 457 4111 ipsa
482 4042 588 4090 nostra
613 4040 839 4109 augmentetur
863 4041 894 4089 et
917 4027 1151 4089 incrementum
1175 4027 1328 4108 paciatur,
1351 4025 1405 4086 alii
1438 4043 1570 4106 quoque
1604 4043 1655 4084 ex-

389 4133 537 4222 emplum¹
559 4135 636 4196 boni
660 4133 766 4216 operis
789 4133 884 4214 plena
908 4152 981 4194 cum
1005 4131 1283 4194 animadversione
1317 4150 1500 4212 sumpmere
1532 4129 1655 4212 possint

390 4257 420 4306 et
443 4243 581 4319 valeant,
597 4240 782 4302 huiusmodi
799 4231 1093 4322 supplicacionibus
1109 4238 1185 4300 dicti
1201 4237 1325 4299 domini
1343 4235 1498 4298 lobannis
1514 4235 1653 4315 benigne

390 4349 534 4411 inclinati
559 4361 705 4409 nostrum
728 4346 909 4430 graciosum
934 4358 1031 4426 atque
1055 4344 1232 4425 benignum
1256 4341 1419 4404 talismodi
1442 4341 1652 4402 saluberrime

390 4454 611 4535 laudabilique
631 4467 662 4516 et
686 4453 881 4515 benemerite
906 4451 1113 4530 institucioni,
1138 4450 1268 4512 factioni
1293 4461 1324 4512 et
1347 4449 1548 4513 ordinacioni
1567 4447 1656 4508 duxi-

391 4581 464 4622 mus
487 4561 688 4643 prebendum
713 4572 743 4622 et
766 4560 938 4642 prebemus
961 4558 1095 4620 firmiter
1128 4571 1159 4620 et
1196 4556 1427 4619 inviolabiliter
1444 4574 1502 4636 per
1520 4551 1657 4615 futuros·

390 4687 453 4748 que
477 4667 706 4748 prebendarius
729 4680 760 4727 et
783 4678 923 4727 rectores
959 4664 1103 4726 eiusdem
1138 4663 1301 4746 prebende
1325 4677 1356 4724 et
1380 4661 1497 4723 domus
1532 4679 1656 4741 possea·

394 4793 481 4834 sores
504 4792 562 4855 pro
586 4787 731 4853 tempore
756 4771 945 4833 constitutos
969 4771 1001 4830 in
1027 4770 1244 4831 continuanda
1269 4781 1300 4831 et
1316 4766 1452 4830 dicenda
1469 4766 1538 4848 ipsa
1561 4765 1655 4826 missa

391 4879 559 4958 tenendos,
583 4879 760 4956 habendos,
785 4877 1047 4959 reputandosque
1071 4890 1102 4936 et
1126 4873 1346 4953 stabiliendos,
1369 4873 1545 4935 adicientes
1561 4885 1658 4932 statu·

392 4999 481 5047 entes
505 4998 535 5047 et
559 4984 744 5046 ordinantes
768 4984 799 5045 id
826 4996 857 5044 et
880 4982 942 5044 hoc
966 5003 1006 5044 ne
1029 4981 1236 5064 prescriptam
1262 4980 1395 5042 domurn
1427 4975 1657 5061 prebendalem
