3900 5804
378 549 440 630 308
784 548 904 608 Statura
927 550 1217 609 praebendariorum.

377 777 469 857 ferre,
493 798 614 861 ponere
637 791 668 840 et
691 777 841 857 exaltare,
865 791 900 839 ut
923 778 1075 839 omnibus
1099 777 1217 839 almam
1242 780 1341 840 sancti
1372 779 1455 861 regis
1485 778 1639 861 Stephani

377 884 542 946 basilicam
567 885 822 966 ingredientibus
853 885 967 963 luceat,
1000 884 1253 964 incitamentum,
1278 887 1504 968 exemplarque
1535 899 1640 946 sancte

377 990 558 1052 devotionis
582 991 705 1070 existat,
729 1010 892 1072 operaque
916 1003 1024 1052 nostra
1047 991 1132 1052 bona
1164 991 1334 1052 videantur
1357 992 1464 1073 palam
1489 1003 1520 1052 et
1542 991 1641 1071 glori-

375 1095 486 1158 ficetur
509 1095 589 1157 deus
611 1110 711 1178 pater,
735 1096 790 1178 qui
814 1095 846 1156 in
872 1097 948 1158 celis
972 1109 1027 1175 est,
1045 1097 1104 1157 sub
1127 1097 1286 1158 vocabulo
1303 1110 1333 1160 et
1360 1097 1459 1158 tutela
1484 1096 1639 1158 advocate

376 1213 483 1263 nostre
507 1201 617 1263 matris
641 1202 741 1264 Maris
766 1201 935 1280 antedicte,
958 1201 1059 1284 ipsam
1085 1201 1377 1264 confraternitatem
1400 1203 1584 1264 dedicantes
1611 1217 1641 1263 et

376 1308 614 1386 constituentes,
639 1308 770 1370 nomine
795 1327 861 1389 quo
885 1309 925 1369 ab
949 1309 1101 1369 omnibus
1120 1327 1246 1390 semper
1261 1322 1293 1370 et
1311 1309 1344 1370 in
1363 1328 1458 1371 evum
1475 1309 1640 1386 vocitetur,

375 1412 667 1476 confraternitatem
691 1414 799 1475 matris
824 1413 924 1476 Maria
937 1414 1043 1475 eidem
1067 1414 1268 1495 inponentes.
1285 1416 1326 1476 Et
1349 1429 1384 1476 ut
1407 1435 1444 1477 ea
1473 1435 1535 1496 que
1561 1435 1636 1497 pro·

376 1520 566 1599 motionem,
602 1519 879 1581 continuationem
918 1533 949 1580 et
981 1519 1156 1601 regulatam
1196 1519 1505 1582 administrationem
1541 1521 1640 1602 ipsius

376 1624 645 1687 confraternitatis
668 1625 778 1687 matris
801 1625 1019 1686 misericordie
1043 1626 1260 1708 conspiciunt,
1292 1627 1457 1705 ordinatis,
1490 1627 1641 1706 regularis

375 1745 406 1793 et
429 1731 564 1809 devotis,
587 1743 687 1813 utque
711 1731 773 1792 deo
796 1751 832 1792 ac
856 1731 1042 1792 hominibus
1058 1732 1205 1814 placeant
1221 1745 1252 1793 et
1268 1732 1356 1793 salus
1372 1733 1518 1794 omnium
1535 1733 1641 1793 eidem

375 1836 625 1899 confraternitati
649 1857 682 1898 se
706 1837 1004 1899 commendantium
1028 1838 1279 1920 provincialibus
1306 1851 1497 1920 procuretur
1520 1851 1551 1900 et
1571 1859 1640 1921 spe-

375 1957 461 2005 retur
483 1943 672 2022 indubitate,
707 1942 747 2004 ad
771 1925 902 2004 laudem
937 1943 988 2004 dei
1020 1956 1051 2005 et
1082 1943 1238 2005 honorem
1272 1945 1381 2005 matris
1416 1945 1517 2005 Marie
1552 1943 1639 2024 fiant,

375 2049 587 2132 disponantur
610 2063 641 2110 et
663 2061 866 2132 peragantur,
890 2049 1069 2128 statuimus,
1101 2050 1287 2112 ordinamus
1321 2064 1352 2112 et
1383 2051 1415 2112 in
1448 2063 1639 2133 perpetuum

375 2154 527 2216 duratura
551 2155 785 2216 constitucione
806 2155 993 2217 sanccimus.

477 2371 526 2429 De
548 2369 671 2430 nomine
693 2369 865 2444 Kalendinr',
890 2385 926 2425 ac
947 2370 1194 2443 confraternitatis
1217 2369 1382 2442 capitulum.

490 2494 532 2554 Et
565 2493 682 2574 prima,
717 2491 806 2573 quod
842 2491 925 2552 dicta
965 2489 1207 2553 confraternitas
1246 2503 1364 2571 nostra,
1399 2487 1640 2551 confraternitas

374 2600 484 2661 matris
506 2597 736 2676 misericordie,
759 2611 794 2658 ut
817 2597 1027 2678 prediximus,
1052 2598 1092 2657 ab
1115 2597 1265 2658 omnibus
1295 2595 1424 2678 publice
1455 2596 1640 2656 nominetur

374 2719 406 2767 et
428 2703 569 2767 vocetur}

476 2884 526 2941 De
549 2884 712 2941 cantatione
730 2883 868 2957 psalterii
888 2890 919 2941 et
937 2882 1136 2940 terminatione
1158 2881 1286 2940 arissam.

477 3004 575 3078 Quod
600 3005 633 3064 in
657 3003 802 3084 qualibet
825 3003 934 3084 vigilia
963 3003 1134 3064 cuiuslibet
1165 3002 1331 3064 benedicte
1362 3001 1495 3083 virginis
1527 3001 1639 3078 Maria,

373 3110 482 3172 matris
505 3109 734 3188 misericordie,
757 3109 790 3170 in
815 3109 913 3170 choro
938 3108 1093 3186 eiusdem,
1118 3109 1150 3168 in
1183 3108 1315 3169 ecclesia
1339 3107 1438 3168 sancti
1463 3107 1546 3188 regis
1570 3107 1638 3168 Ste-

372 3215 469 3298 phani
493 3228 685 3293 constructa,
709 3214 828 3276 amodo
852 3227 882 3276 et
906 3233 962 3296 per
985 3214 1124 3296 amplius
1154 3213 1332 3275 cantabitur
1361 3213 1547 3294 psalterium
1584 3232 1640 3293 per

373 3333 511 3401 quatuor
535 3339 696 3402 personas,
720 3319 946 3401 incipiendae
970 3319 1072 3401 prima
1104 3319 1184 3380 serie
1209 3339 1309 3400 usque
1340 3318 1380 3380 ad
1413 3318 1559 3379 ultimam
1590 3318 1638 3378 in-

373 3425 502 3487 clusive.
528 3426 568 3485 Et
590 3439 663 3506 post
695 3425 873 3506 quemlibet
909 3439 1100 3486 nocturnum
1136 3425 1211 3486 dicti
1247 3425 1389 3506 psalterii
1426 3425 1639 3485 cantabuntur

373 3531 439 3592 duo
463 3531 622 3609 versiculi,
646 3530 810 3592 videlicet:
836 3531 936 3592 Maria
960 3543 1061 3592 mater
1084 3531 1189 3611 gracie
1214 3543 1272 3592 etc.
1296 3565 1339 3575 -
1368 3529 1482 3591 Gloria
1506 3529 1564 3590 tibi
1582 3529 1638 3589 do·

373 3638 460 3699 mine
483 3651 542 3700 etc.
568 3639 607 3698 Et
630 3635 727 3698 finitis
752 3638 818 3698 istis
842 3637 965 3699 dicetur
988 3641 1163 3697 versiculus:
1188 3636 1253 3699 Ora
1269 3657 1331 3719 pro
1348 3637 1443 3698 nobis
1459 3651 1560 3697 mater
1580 3635 1639 3696 mi-

373 3743 545 3804 sericordie
569 3757 628 3804 etc.
653 3743 694 3804 Et
716 3756 891 3824 sequantur
915 3743 1093 3804 orationes:
1120 3747 1300 3804 Interveniat
1313 3753 1374 3818 pra
1388 3745 1476 3806 nabis.
1495 3778 1532 3786 -
1554 3745 1638 3801 Deus

372 3853 453 3908 venie
476 3852 608 3924 largitor.
622 3884 665 3893 —
678 3851 802 3908 Exaudi
823 3869 974 3925 quesumus
995 3851 1106 3908 domine
1120 3853 1288 3924 supplicum.
1305 3884 1343 3893 -
1358 3851 1403 3908 Et
1414 3850 1618 3908 concludentur
1628 3870 1639 3906 .·

372 3955 434 4014 Per
462 3955 606 4014 Christum
629 3956 773 4013 danninum
801 3965 937 4017 nostram.
962 3959 1062 4018 Amen.

476 4149 514 4205 ln
529 4150 619 4224 sestis
641 4151 708 4208 tatis
729 4150 927 4223 sallanpnibus
950 4151 1029 4208 beate
1059 4151 1182 4223 virginis
1209 4151 1292 4208 mr'sse
1314 4147 1443 4225 afficiant
1465 4152 1556 4223 ipsein
1584 4149 1639 4207 ca-

373 4251 486 4312 lendini
506 4256 634 4330 qualiter
651 4253 758 4330 persici
778 4255 880 4312 debeat.

476 4375 575 4449 Quod
601 4377 632 4438 in
657 4377 803 4457 quolibet
827 4375 907 4439 festo
931 4377 1071 4458 gloriose
1096 4378 1194 4438 Marie
1219 4377 1353 4459 virginis
1384 4375 1493 4437 matris
1517 4374 1639 4436 miseri-

372 4480 490 4558 cordie,
522 4481 562 4542 ad
595 4481 783 4542 mandatum
818 4482 930 4544 decani
964 4484 1158 4544 conveniant
1190 4502 1304 4545 omnes
1322 4482 1446 4552 ,fratres
1476 4481 1508 4542 in
1541 4479 1638 4542 choro

372 4586 538 4647 benedicte
562 4587 692 4668 virginis
716 4588 871 4669 predicto,
885 4603 916 4649 et
936 4589 1169 4670 superpelliciis
1192 4588 1367 4650 solenniter
1390 4588 1505 4666 induti,
1529 4587 1637 4648 statim

371 4688 459 4751 finita
482 4692 585 4773 prima
610 4694 755 4755 intersint
778 4694 873 4755 misse
898 4695 1073 4756 solenniter
1097 4695 1296 4756 decantanda
1327 4695 1483 4756 debeata
1517 4693 1639 4774 virgine

371 4808 471 4857 matre
495 4798 722 4878 misericordie,
747 4813 843 4881 prout
866 4800 982 4862 festum
1015 4801 1158 4882 requirit,
1193 4801 1358 4882 usquead
1390 4799 1487 4862 finem
1520 4818 1576 4880 per
1606 4818 1640 4858 se

370 4899 421 4960 vel
444 4920 500 4982 per
522 4902 639 4978 alium;
665 4918 695 4964 et
719 4905 951 4967 concludentur
974 4906 1123 4968 collecte:
1149 4907 1264 4985 Prima,
1290 4907 1329 4967 de
1355 4905 1436 4967 festo
1463 4906 1543 4986 ipsc,
1563 4917 1639 4965 tunc

372 5004 581 5068 concludetur
604 5009 762 5071 secunda:
788 5015 871 5070 Deus
894 5015 975 5071 cuins
997 5013 1199 5084 misericordis,
1222 5025 1252 5074 et
1282 5013 1379 5074 tercia
1403 5031 1462 5094 pro
1486 5011 1637 5093 peccatis.
