3808 5792
415 483 478 562 246

777 485 843 542 Dec
878 497 950 561 197,
972 481 1045 560 198.
1065 517 1103 528 -
1128 485 1185 542 An.
1211 485 1300 558 1526.

418 731 481 773 non
507 713 741 795 presummatis.
758 712 876 773 Datum
901 712 991 773 Bude
1009 713 1040 772 in
1065 712 1225 773 dominica
1251 712 1348 786 Quasi
1374 712 1482 774 modo.
1500 717 1595 773 Anno
1619 712 1671 773 do-

417 819 495 880 mini
521 819 694 880 millesimo
719 819 979 900 quingentesimo
1003 818 1160 900 vigesimo
1185 818 1308 898 quinto

522 959 657 1024 Originale
677 961 703 1010 in
723 961 820 1012 charta.
841 959 868 1010 ln
887 959 1004 1024 margine
1024 957 1142 1011 interiori
1162 959 1319 1023 impressum
1338 964 1380 1010 est
1393 959 1510 1024 sigillum
1539 960 1566 1010 ln
1581 959 1677 1010 archiv.

418 1048 464 1098 lib.
484 1063 539 1112 reg.
559 1049 632 1100 civit.
651 1051 757 1113 zagrab.

1013 1333 1096 1400 197.

524 1471 599 1521 Anno
621 1471 695 1524 1525.
717 1473 756 1523 17.
776 1471 886 1538 angusti.
911 1473 1008 1523 Budae.

547 1596 731 1658 Ludovicus
756 1597 791 1657 ll.
815 1617 867 1658 rex
893 1598 1058 1679 Hungarie
1082 1613 1140 1661 etc.
1164 1598 1386 1660 communitati
1410 1596 1545 1658 civitatis
1568 1597 1685 1656 montis

423 1700 592 1763 Grecensis
616 1723 673 1784 pro
697 1703 841 1764 subsidio
865 1717 961 1784 atque
987 1705 1221 1766 instauracione
1240 1705 1329 1766 istius
1351 1704 1486 1765 civitatis
1509 1717 1638 1764 centum
1655 1715 1685 1761 et

423 1808 656 1889 quinquaginta
681 1807 819 1870 florenos
843 1810 882 1870 de
906 1811 1114 1891 proventibus
1138 1811 1314 1872 tricesimae
1331 1807 1462 1870 confert.
1481 1807 1590 1869 Budae
1609 1806 1685 1868 leria

424 1914 535 1994 quinta
560 1915 705 1995 proxima
730 1929 803 1976 ante
828 1914 944 1976 lestunr
969 1917 1052 1977 beati
1076 1917 1242 1978 Barnabae
1267 1916 1403 1997 apostoli
1434 1935 1525 1995 ¹5²5·

539 2044 729 2096 Documentum
759 2047 784 2097 in
813 2047 903 2097 charta
929 2047 1045 2098 attritum
1074 2049 1157 2097 valde.
1183 2047 1209 2097 ln
1241 2047 1358 2110 margine
1386 2045 1503 2097 interiori
1531 2046 1689 2108 impressum

426 2137 467 2183 est
487 2133 613 2198 sigillum.
632 2134 660 2184 ln
679 2135 776 2187 archiv.
796 2135 841 2186 lib.
858 2150 913 2199 reg.
935 2135 1006 2185 civit.
1026 2133 1138 2199 Zagrab.

1016 2417 1098 2483 198.

533 2585 607 2636 Anno
630 2585 704 2636 1526.
724 2585 766 2637 23.
781 2583 856 2650 junii.
876 2586 972 2638 Budae.

429 2711 591 2769 ludovicus
617 2712 671 2786 ll,
695 2713 808 2786 Hreng„
832 2720 880 2769 etc.
912 2731 966 2770 rex
990 2720 1072 2770 vetat
1098 2713 1223 2785 capetulo
1256 2712 1386 2784 angrab„
1409 2731 1444 2768 ne
1467 2713 1496 2767 in
1532 2730 1605 2768 area
1638 2730 1693 2768 sua

493 2819 620 2876 tabernis
642 2817 823 2876 mercatorias
845 2816 1015 2876 extruendis
1030 2820 1103 2894 foro
1126 2820 1250 2876 civitatis
1281 2818 1482 2875 detrimentum
1506 2816 1627 2892 instrat.

1081 2955 1240 3008 Comralssio
1259 2956 1369 3020 propria
1389 2953 1486 3006 domini
1507 2955 1587 3019 regis.

533 3046 718 3109 Ludouicus
742 3046 793 3110 dei
817 3047 922 3126 gracia
947 3067 1000 3107 rex
1025 3047 1190 3128 Hungarie
1215 3059 1246 3107 et
1269 3045 1425 3106 Bohennie
1448 3057 1507 3106 etc.
1525 3044 1694 3105 Fidelibus

430 3154 547 3216 nostris
570 3152 814 3215 honorabilibus
838 3152 979 3233 capitulo
1004 3153 1137 3214 ecclesie
1172 3151 1387 3234 zagrabiensis
1411 3150 1546 3211 salutem
1571 3163 1602 3210 et
1624 3169 1695 3230 gra·

431 3260 523 3321 ciam.
549 3259 738 3341 Expositum
762 3271 808 3319 est
833 3259 988 3319 Maiestati
1014 3273 1120 3320 nostre
1144 3278 1203 3340 pro
1226 3272 1314 3340 parte
1339 3271 1370 3319 et
1393 3257 1424 3317 in
1450 3255 1595 3339 personis
1619 3253 1695 3316 lide-

432 3367 510 3427 lium
536 3378 717 3426 nostrorum
743 3363 937 3445 prudentum
954 3379 985 3426 et
1001 3365 1303 3447 circumspectorum
1320 3363 1434 3445 judicis
1458 3377 1489 3424 et
1505 3362 1694 3442 juratorum,

432 3486 677 3552 ceterorumque
700 3471 818 3532 civium
851 3472 986 3532 civitatis
1017 3485 1124 3533 nostre
1155 3471 1275 3532 montis
1312 3451 1481 3531 Grecensis
1509 3469 1598 3549 gravi
1624 3487 1696 3529 curu

433 3577 574 3660 querela,
599 3577 736 3658 qualiter
759 3595 817 3637 vos
841 3577 910 3647 istic
935 3578 965 3638 in
991 3576 1100 3638 medio
1132 3577 1239 3655 vestri,
1273 3577 1305 3637 in
1337 3589 1442 3637 vestro
1474 3574 1595 3635 scilicet
1626 3575 1697 3635 loco

434 3682 612 3766 capitulari,
626 3683 657 3743 in
683 3682 896 3762 preiudicium
922 3683 1064 3764 ipsorum
1089 3683 1208 3744 civium
1232 3696 1415 3743 nostrorum
1440 3694 1540 3742 certas
1572 3679 1698 3740 bolthas

435 3805 465 3851 et
488 3788 664 3850 testudines
688 3787 830 3868 lapideas
863 3789 1051 3866 erexissetis,
1088 3790 1119 3850 in
1152 3809 1232 3870 quas
1265 3789 1440 3850 nonnullos
1474 3786 1635 3848 institores
1669 3799 1700 3847 et

436 3908 627 3958 mercatores
652 3893 794 3955 forenses
818 3915 890 3956 curn
916 3897 1074 3957 mercibus
1098 3909 1128 3958 et
1151 3897 1246 3957 rebus
1264 3915 1376 3957 eorum
1393 3894 1560 3955 venalibus
1577 3893 1698 3954 condu-

436 4001 557 4078 ceretis,
582 4019 699 4080 easque
724 4000 787 4060 illis
811 4001 977 4080 extraneis,
1002 4002 1058 4083 qui
1092 4002 1198 4062 subito
1223 4001 1361 4062 venditis
1393 4019 1506 4062 eorum
1538 4000 1700 4060 mercibus

436 4128 475 4169 eo
499 4126 607 4167 rursus
631 4123 696 4186 quo
720 4106 834 4167 volunt
858 4107 1020 4185 recedunt,
1044 4107 1202 4186 locaretis,
1236 4125 1301 4188 quo
1334 4105 1433 4184 lieret,
1457 4118 1492 4166 ut
1524 4106 1584 4188 ipsi
1617 4107 1701 4167 cives

437 4213 548 4290 nostri,
572 4211 626 4293 qui
652 4226 782 4292 questus
804 4212 910 4292 gracia
935 4232 1056 4273 merces
1079 4212 1210 4274 aliunde
1235 4225 1266 4273 et
1291 4232 1328 4273 ex
1353 4211 1486 4273 remotis
1507 4212 1652 4293 partibus
1669 4212 1698 4272 in

438 4321 531 4404 istam
555 4317 716 4378 civitatem
739 4330 880 4379 nostram
899 4317 1054 4380 invehunt
1070 4331 1101 4379 et
1118 4319 1302 4400 important,
1319 4337 1391 4378 suas
1416 4337 1538 4378 merces
1561 4317 1701 4378 vendere

439 4444 503 4484 non
528 4435 666 4504 possent,
692 4443 754 4504 que
778 4443 827 4484 res
844 4443 916 4484 curn
942 4423 973 4483 in
998 4423 1130 4485 evidens
1147 4427 1301 4485 damnum
1319 4437 1350 4486 et
1364 4443 1538 4504 gravamen
1558 4423 1701 4504 ipsorum

440 4529 559 4590 civium
572 4528 693 4610 prefate
707 4529 842 4590 civitatis
853 4543 960 4590 nostre
974 4529 1236 4612 derogamenque
1247 4530 1402 4591 libertatis
1413 4543 1444 4590 et
1462 4527 1704 4604 consuetudinis

441 4634 580 4714 ipsorum
607 4647 727 4712 vergat,
751 4635 815 4715 pati
841 4655 905 4696 non
921 4649 1091 4717 possumus
1115 4655 1219 4716 neque
1246 4635 1421 4696 concedere
1439 4647 1473 4695 ut
1493 4633 1547 4695 alii
1561 4634 1702 4695 extranei

442 4739 510 4798 istic
534 4739 699 4817 ditescant,
723 4740 820 4800 nostri
845 4760 922 4801 vero
947 4741 1031 4802 cives
1054 4738 1110 4822 per
1134 4741 1194 4802 hoc
1219 4741 1452 4822 opprimantur,
1477 4740 1533 4820 qui
1558 4739 1703 4821 alioquin

443 4861 479 4901 ex
504 4863 542 4904 eo
566 4844 667 4904 eciam
691 4845 779 4926 quod
804 4846 867 4906 iam
892 4845 1024 4908 Thurco
1048 4847 1143 4908 vicini
1169 4859 1200 4907 et
1215 4866 1297 4928 pene
1312 4847 1343 4906 in
1360 4846 1430 4906 eius
1447 4843 1594 4907 faucibus
1620 4859 1702 4922 sunt,

444 4947 516 5012 satis
539 4969 697 5031 superque
722 4951 874 5032 oppressi,
899 4965 930 5013 et
960 4964 1090 5034 propter
1119 4952 1274 5035 plurimas
1299 4953 1399 5014 eciam
1431 4971 1596 5035 expensas,
1626 4971 1704 5034 quas
