3732 5802
388 554 447 614 154
522 563 527 570 ·
804 536 877 596 Dec.
901 521 969 608 125¹
992 567 1032 578 -
1055 536 1113 594 Aa.
1137 531 1224 609 1516.

929 764 1008 830 125.

487 925 563 974 Anno
586 924 659 974 1516.
679 937 770 975 mense
787 924 870 990 junio,
889 921 1046 989 Zagrabise.

381 1050 557 1120 Deterelrins,
574 1053 760 1124 praeposilus
780 1071 803 1111 s.
823 1051 950 1126 Mariae,
969 1052 1067 1120 causti,
1082 1068 1169 1124 quam
1184 1067 1247 1108 cum
1258 1049 1483 1123 praebendariis
1497 1047 1535 1109 dc
1550 1051 1654 1106 balneo

381 1161 439 1230 egit
448 1157 565 1228 ann'ssd,
579 1157 622 1214 nd
632 1158 781 1234 Ἠιυυιαιη,
790 1157 965 1214 cardinalem
975 1174 1011 1214 ac
1017 1155 1257 1230 archiepiscopum
1268 1155 1493 1230 Smgroniensem
1496 1163 1650 1230 provocat.

488 1296 573 1357 Cum
599 1297 831 1378 appellacionis
854 1297 1033 1358 remedium
1057 1317 1075 1358 a
1098 1297 1215 1358 sanctis
1238 1297 1392 1379 patribus,
1409 1315 1573 1358 sacrorum
1598 1315 1650 1356 ca·

382 1422 504 1464 nonum
544 1401 723 1464 editoribus
761 1404 793 1464 in
833 1403 1016 1464 relevamen
1063 1421 1290 1484 oppressorum
1328 1403 1381 1464 vel
1423 1401 1652 1464 verosimiliter

343 1533 345 1540 ·
382 1509 520 1590 opprimi
545 1508 792 1571 formidantium
827 1508 995 1571 salubriter
1027 1510 1067 1570 sit
1091 1509 1271 1570 institutum
1307 1522 1339 1570 et
1368 1508 1591 1586 adinventum,
1615 1521 1652 1568 ut

382 1634 430 1692 ea,
454 1632 517 1695 que
541 1617 581 1676 ab
606 1614 811 1676 inferioribus
835 1615 995 1696 judicibus
1019 1615 1126 1676 minus
1149 1614 1230 1694 juste
1254 1614 1366 1676 fierent
1383 1627 1414 1676 et
1429 1629 1575 1695 agentur,
1592 1633 1652 1696 per

382 1721 561 1802 superiores
583 1720 666 1801 justo
691 1721 916 1802 juris'tramite
940 1721 973 1782 in
997 1719 1113 1782 melius
1137 1733 1167 1781 et
1191 1721 1222 1781 in
1247 1733 1364 1781 statum
1381 1719 1526 1781 debitum
1549 1717 1651 1780 refor-

382 1839 544 1888 marentur
560 1826 634 1888 hinc
651 1841 707 1905 est,
721 1827 809 1908 quod
823 1846 884 1908 ego
897 1825 1090 1904 Demetrius,
1101 1825 1281 1908 prepositus
1297 1825 1429 1888 ecclesie
1442 1827 1534 1887 beate
1549 1825 1651 1886 Maris

382 1933 513 2014 virginis
537 1933 569 1994 iu
593 1953 666 1996 area
690 1933 856 2016 capitulari
882 1932 1081 2013 zagrabiensi
1104 1933 1173 2010 site,
1200 1932 1232 1992 in
1256 1951 1328 1994 mea
1353 1945 1384 1994 et
1410 1931 1544 1993 ecclesie
1578 1950 1651 1993 mee

382 2036 502 2119 prefate
526 2040 671 2120 personis
694 2059 802 2102 coram
827 2039 918 2101 vobis
941 2039 1081 2100 dominis
1105 2039 1247 2120 capitulo
1264 2039 1396 2101 ecclesie
1420 2037 1651 2120 zagrabiensis,

382 2143 522 2206 dominis
546 2147 625 2206 meis
658 2145 900 2228 graciosissimis
935 2159 965 2206 et
987 2159 1018 2207 te
1042 2145 1167 2207 notario
1190 2145 1321 2226 publico
1345 2164 1480 2226 persona
1505 2144 1602 2224 legali
1620 2157 1653 2206 et

278 2315 283 2324 ,
380 2251 539 2312 autentica
563 2271 598 2312 ac
622 2253 755 2314 testibus
780 2251 840 2312 hiis
865 2252 1065 2333 presentibus
1088 2264 1119 2312 et
1143 2251 1319 2313 astantibus
1342 2251 1452 2312 animo
1476 2264 1508 2311 et
1544 2251 1650 2311 inten-

380 2356 472 2417 cione
485 2357 680 2439 provocandi
694 2372 725 2419 et
740 2357 936 2440 appellandi,
952 2357 1036 2437 dico,
1052 2357 1181 2440 appello
1198 2369 1229 2418 et
1244 2357 1500 2439 appellacionem
1518 2356 1649 2418 deduco

382 2463 549 2542 quomodo
573 2462 647 2525 licet
670 2463 811 2544 quedam
835 2483 929 2524 causa
952 2462 1093 2544 predicte
1118 2463 1251 2524 ecclesie
1284 2482 1355 2524 mee
1391 2476 1423 2524 et
1446 2482 1502 2544 per
1537 2481 1650 2523 conse-

382 2587 484 2647 quens
507 2587 577 2630 mea
601 2589 660 2650 pro
683 2583 770 2652 parte
795 2569 901 2630 balnei
929 2589 1028 2651 prope
1054 2569 1220 2631 ecclesiam
1245 2568 1390 2630 eiusdem
1408 2570 1500 2630 beate
1516 2569 1652 2650 virginis

381 2675 553 2734 constructi
577 2687 686 2737 contra
711 2677 861 2737 dominos
884 2674 1113 2757 prebendarios
1137 2675 1225 2736 chori
1243 2673 1364 2756 prefate
1382 2675 1515 2736 ecclesie
1540 2694 1650 2756 zagra·

382 2778 500 2839 biensis
524 2781 707 2861 capellanos
730 2781 978 2843 reverendarum
1003 2781 1267 2842 dominacionum
1292 2795 1468 2842 vestrarum
1495 2781 1651 2862 speciales

381 2903 437 2964 per
454 2903 504 2946 me
529 2887 660 2948 nomine
685 2887 816 2948 ecclesie
841 2889 931 2948 beate
956 2887 1088 2968 virginis
1112 2885 1232 2969 prefate
1257 2901 1345 2949 mota
1368 2901 1449 2948 esset
1472 2899 1504 2948 et
1528 2884 1650 2966 fuisset,

381 2989 413 3048 in
438 3010 500 3070 qua
525 3011 618 3053 causa
650 3012 722 3053 cum
763 3007 846 3055 certa
871 2994 939 3073 jura
967 3007 999 3054 et
1022 3013 1096 3054 vera
1121 3013 1156 3054 ac
1181 2993 1337 3074 legittima
1362 2992 1530 3074 privilegia
1554 3013 1650 3075 super

382 3097 591 3175 possessione,
615 3099 873 3180 proprietateque
898 3099 973 3160 dicti
998 3099 1106 3160 balnei
1130 3119 1238 3160 coram
1263 3099 1374 3159 vestris
1391 3098 1577 3160 reverendis
1594 3099 1649 3159 do·

382 3201 618 3264 minacionibus
641 3204 788 3283 deducta,
802 3219 913 3286 utpote
937 3204 1097 3285 judicibus
1114 3205 1319 3283 immediatis,
1332 3203 1465 3266 luissent
1482 3219 1513 3266 et
1531 3203 1649 3266 extitis-

382 3319 460 3384 sent,
486 3307 517 3367 in
543 3328 605 3388 qua
628 3329 722 3371 causa
745 3310 867 3372 dictum
892 3312 1044 3372 balneum
1077 3309 1161 3372 dicte
1186 3310 1320 3372 ecclesie
1353 3329 1424 3370 mee
1447 3310 1579 3371 racione
1603 3311 1649 3371 in-

382 3410 542 3473 ductionis
564 3414 807 3495 privilegiorum
832 3431 863 3478 et
886 3416 1073 3477 litteralium
1109 3416 1403 3478 instrumentalium
1427 3415 1549 3477 dictum
1584 3417 1648 3477 bal-

381 3535 478 3577 neum
500 3519 704 3600 tangencium
729 3522 788 3603 ipsi
813 3523 944 3584 ecclesie
969 3524 1060 3585 beate
1085 3523 1218 3603 virginis
1243 3521 1426 3604 adjudicare
1450 3521 1650 3584 tenebamini

381 3635 413 3681 et
436 3621 476 3683 de
500 3623 567 3704 jure
591 3625 766 3706 debebatis,
799 3649 857 3690 vos
891 3642 999 3690 tamen
1036 3629 1160 3692 domini
1197 3630 1260 3692 mei
1293 3628 1550 3690 reverendissimi
1585 3648 1647 3690 uon

382 3741 526 3789 curantes
568 3730 753 3794 huiusmodi
792 3735 970 3816 privilegiis
1009 3749 1040 3796 et
1077 3735 1269 3797 litteralibus
1308 3735 1529 3796 instrumentis
1568 3734 1648 3795 dicte

381 3833 513 3895 ecclesie
538 3837 628 3898 beate
652 3839 865 3921 virginis-pro
889 3854 978 3923 parte
1011 3841 1170 3904 dictorum
1203 3842 1413 3903 dominorum
1441 3841 1647 3923 prebendari-

380 3955 473 3998 orum
496 3941 735 4022 capellanorum
761 3946 798 4006 V.
831 3947 869 4009 D.
896 3946 935 4008 R.
971 3948 1159 4029 specialium
1195 3948 1338 4009 indebite
1374 3961 1405 4008 et
1428 3947 1648 4028 minus.juste

380 4042 508 4104 tullistis
532 4059 562 4106 et
586 4046 778 4112 fulminastis
803 4051 834 4112 in
869 4073 1000 4133 gravem
1037 4054 1120 4116 dicte
1156 4055 1290 4116 ecclesie
1326 4055 1417 4115 beate
1457 4053 1592 4134 virginis
1613 4073 1647 4114 ac

381 4163 450 4206 mee
475 4169 620 4214 necnon
646 4169 805 4217 rectorum
830 4158 975 4220 eiusdem
1011 4160 1145 4222 ecclesie
1169 4157 1352 4222 futurorum
1388 4179 1454 4221 nou
1484 4159 1646 4221 mediocre

381 4249 533 4315 damnum
565 4271 595 4318 et
629 4258 792 4324 iacturam.
829 4263 923 4326 Unde
969 4267 1115 4328 senciens
1161 4264 1318 4349 prefatam
1351 4265 1520 4326 ecclesiam
1557 4266 1646 4326 beate

382 4355 480 4417 Marie
504 4361 635 4441 virginis
659 4379 688 4426 et
713 4387 770 4455 per
791 4389 991 4452 consequens
1015 4392 1047 4433 se
1072 4373 1177 4454 ipsum
1204 4373 1311 4434 minus
1334 4371 1415 4454 juste
1447 4385 1479 4432 et
1505 4371 1645 4432 indebite

381 4475 543 4534 gravatum
558 4465 635 4546 iore,
660 4471 699 4531 ab
721 4471 907 4537 huiusmodi
933 4477 1040 4560 itaque
1066 4479 1181 4560 injusta
1207 4491 1238 4540 et
1262 4477 1405 4540 indebita
1422 4478 1585 4539 sentencia
1606 4475 1646 4536 ad

382 4569 678 4635 reverendissimum
695 4577 726 4637 in
751 4579 880 4642 Christo
897 4597 1019 4664 patrem
1042 4597 1073 4646 et
1090 4585 1271 4663 dominum,
1289 4583 1460 4646 domiuum
1484 4583 1646 4645 Thomam

383 4664 488 4730 divina
521 4676 728 4744 miseracione
763 4685 848 4746 tituli
880 4690 978 4750 sancti
1017 4690 1147 4752 Martini
1182 4691 1215 4752 in
1249 4691 1415 4752 Montibus
1450 4699 1645 4751 sacrosancte

383 4787 512 4834 romane
537 4782 667 4844 ecclesie
691 4789 902 4867 presbiterum
934 4794 1143 4875 cardinalem,
1175 4796 1455 4879 archiepiscopum
1491 4793 1644 4875 Strigoni·

385 4890 490 4935 ensem
515 4895 544 4940 et
567 4884 705 4964 legatum
729 4897 941 4974 apostolicum
966 4899 1005 4960 de
1022 4902 1132 4980 latere,
1146 4903 1357 4984 eiusdemque
1379 4901 1489 4962 sedem
1508 4917 1644 4983 provoco

385 4987 414 5034 et
437 4984 562 5060 appello
587 4989 617 5049 in
642 4993 701 5054 hiis
725 4999 858 5080 scriptis,
883 5006 1115 5088 appellansque
1146 5008 1263 5089 primo,
1287 5007 1441 5088 secundo,
1466 5007 1564 5068 tercio
1597 5006 1643 5064 in·
