3752 5806
641 546 713 605 Doc.
738 541 767 604 8.
789 557 833 588 '—
860 549 917 606 Au.
944 559 1030 624 1501.
1433 563 1464 602 ιι

202 771 335 834 ecclesie
361 771 522 852 Albensis,
546 793 602 854 per
634 773 770 836 modum
793 775 1024 858 resignacionis
1053 776 1083 836 in
1119 774 1257 836 eundem
1281 773 1469 854 magistrum

203 877 415 959 Stephanum,
439 898 518 960 pure
552 891 582 941 et
613 879 800 962 simpliciter
831 881 865 943 in
896 902 1010 945 manus
1035 894 1159 945 nostras
1183 879 1275 959 lacte,
1299 879 1469 940 simulcum

199 984 375 1066 prebenda,
399 985 655 1066 utilitatibusque
681 1000 711 1048 et
735 989 990 1050 obvencionibus
1014 987 1169 1066 eiusdem,
1187 985 1293 1048 eidem
1317 984 1469 1066 magistro

201 1089 377 1171 Stephan0,
402 1089 435 1151 in
467 1090 580 1152 eadem
611 1093 830 1173 resignacione
864 1094 1047 1175 graciosum
1071 1111 1262 1155 consensum
1293 1089 1469 1171 prebendo,

201 1195 351 1256 dedimus
381 1211 413 1257 et
446 1197 486 1258 de
518 1197 602 1260 facto
639 1199 845 1278 contulimus,
877 1211 1046 1282 eapropter
1079 1217 1229 1279 rogamus
1260 1194 1470 1257 fraternitates

200 1313 320 1362 vestras
350 1315 382 1364 et
406 1300 634 1364 n'chilominus
668 1305 909 1384 committimus,
933 1303 1083 1386 quatinus
1112 1302 1231 1364 amodo
1255 1300 1406 1381 deinceps
1430 1298 1469 1360 de

200 1406 354 1468 omnibus
370 1407 585 1488 proventibus
609 1422 640 1470 et
663 1409 928 1490 obventionibus,
945 1409 1090 1492 pecuniis
1114 1407 1234 1470 scilicet
1259 1420 1289 1470 et
1313 1405 1418 1488 porcis
1434 1425 1470 1466 ac

199 1512 272 1574 aliis
305 1512 345 1573 ad
377 1513 536 1595 prefatum
567 1515 755 1577 lectoratum
794 1529 825 1578 et
867 1517 1090 1580 canonicatum
1129 1534 1204 1576 suos
1243 1512 1469 1596 spectantibus,

200 1618 399 1699 integraliter
431 1632 463 1680 et
495 1640 567 1681 cum
599 1620 714 1683 effectu
744 1623 949 1704 respondere,
974 1636 1004 1684 et
1032 1621 1163 1684 eosdem
1187 1620 1247 1682 sibi
1272 1619 1469 1700 adplenum

201 1725 363 1806 assignare
387 1725 529 1787 debeatis
553 1739 583 1788 et
606 1729 790 1790 teneamini.
810 1730 855 1790 Ex
880 1729 966 1789 curia
991 1741 1098 1790 nostra
1122 1725 1249 1788 lvanich
1275 1725 1306 1786 in
1327 1721 1468 1805 profesto

202 1831 295 1892 beate
321 1833 459 1893 Barbare
484 1833 616 1914 virginis
640 1847 671 1895 et
694 1835 841 1898 martiris.
872 1856 963 1915 ¹50⁰·

310 1937 476 2018 Rogamus
510 1959 567 2000 vos
599 1953 753 2022 tanquam
786 1940 896 2004 fratres
927 1940 1139 2018 charissimos,
1171 1952 1205 2000 ut
1236 1939 1299 2000 iam
1338 1935 1469 1998 tandem

203 2044 393 2125 relinquatis
417 2044 505 2106 illam
538 2046 599 2108 deo
622 2047 844 2128 displicentem
869 2068 905 2110 ac
937 2046 1124 2110 hominibus
1147 2043 1367 2108 detestandam
1391 2043 1469 2103 abu·

203 2151 341 2229 sionem,
372 2163 403 2212 et
450 2151 620 2214 restituatis
659 2167 833 2235 proventus
868 2154 959 2215 novis
994 2151 1156 2214 canonicis
1190 2163 1221 2212 et
1256 2150 1358 2212 eciam
1396 2146 1471 2208 huic

202 2256 391 2334 novissim0,
422 2271 487 2318 tam
523 2257 561 2319 de
585 2259 691 2341 porcis
723 2279 820 2340 quam
851 2259 890 2321 de
920 2259 990 2320 aliis
1022 2261 1126 2320 rebus.
1156 2257 1214 2319 lste
1239 2273 1378 2337 namque
1401 2272 1471 2314 suc·

202 2362 296 2422 cessit
318 2363 351 2422 in
377 2361 569 2432 beneficium
592 2363 733 2426 hominis
757 2365 902 2444 viventis,
920 2365 976 2446 qui
1000 2365 1025 2426 si
1047 2383 1176 2446 presens
1193 2373 1285 2440 esset,
1298 2373 1472 2443 proventus

202 2468 251 2529 sui
284 2469 395 2550 negari
426 2489 492 2531 non
524 2483 664 2552 possent,
695 2492 753 2533 nec
786 2472 882 2553 igitur
910 2472 983 2532 huic
1015 2470 1124 2552 negari
1156 2469 1285 2546 debent,
1316 2465 1470 2548 quoniam

203 2574 350 2656 alioquin
375 2595 440 2637 non
466 2575 532 2658 ipse
555 2576 610 2637 sed
633 2597 703 2656 nos,
727 2577 782 2658 qui
806 2597 881 2639 eum
905 2577 1093 2655 creavimus,
1117 2595 1173 2658 per
1196 2575 1262 2636 Vos
1286 2569 1471 2654 contempni

203 2680 398 2760 videremur,
423 2682 511 2763 quod
535 2703 553 2744 a
577 2683 668 2744 vobis
692 2683 833 2746 alienum
858 2684 993 2746 omnino
1018 2703 1084 2744 esse
1109 2681 1214 2744 debet.

311 2789 416 2850 Lucas
440 2789 608 2872 episcopus
631 2790 766 2853 ecclesie

356 2878 583 2958 zagrabiensis,
607 2898 707 2942 manu
730 2879 870 2962 propria.

312 3015 347 3080 (A
366 3018 467 3083 tergo).
491 3002 738 3065 venerabilibus
757 3003 897 3066 dominis
922 3001 1063 3084 capitulo
1080 3001 1227 3063 ecclessie
1245 3011 1350 3060 nostre
1363 3015 1472 3077 zagra-

206 3103 335 3184 biensis,
360 3104 509 3168 iratribus
533 3110 647 3170 nostris
671 3109 792 3172 sincere
816 3109 950 3172 dilectis.

311 3245 449 3311 originale
468 3247 493 3299 in
510 3250 607 3314 charta,
627 3251 770 3316 vestigium
789 3249 871 3317 sigilli
891 3267 906 3302 a
924 3257 1009 3317 tergo.
1032 3251 1060 3302 ln
1079 3250 1176 3302 archiv.
1197 3263 1255 3300 ven.
1269 3248 1348 3312 capit.
1363 3247 1470 3312 zagrab.

204 3333 649 3399 Mbffipmamoffimnffi

823 3553 858 3618 8.

311 3691 390 3740 Anno
411 3689 487 3757 1501,
509 3693 548 3745 12.
565 3691 639 3758 junii.
658 3693 756 3746 Budae.

217 3817 391 3892 watislaus,
424 3819 601 3893 Hungaricre
633 3828 681 3878 etc.
713 3839 768 3878 rex
797 3821 993 3878 communitati
1022 3821 1150 3882 civr'tatis
1184 3820 1287 3876 moniti
1323 3816 1473 3876 Grecensis

211 3925 333 3981 nuntiis!
353 3924 597 3984 admunitionem
620 3927 744 3984 cebitaa's
765 3927 969 3986 restituendam
986 3941 1034 4003 32
1047 3927 1120 4001 star.
1138 3945 1157 3984 a
1180 3945 1209 3984 se
1231 3943 1288 3983 esse
1300 3925 1472 3998 assignatos,

297 4030 351 4104 qui
365 4037 426 4106 per
446 4039 504 4089 tres
526 4051 618 4090 annos
641 4051 677 4092 ex
696 4035 779 4108 regia
802 4035 944 4092 tricesima
966 4033 1151 4106 sagrabiensi
1167 4034 1227 4090 sint
1245 4030 1382 4089 solvendi.

313 4169 381 4229 Nos
390 4169 588 4232 Wladislaus
601 4171 653 4234 dei
665 4172 770 4252 gracia
787 4192 840 4232 rex
855 4171 1020 4253 Hungarie
1035 4186 1065 4234 et
1078 4171 1233 4234 Bohemie
1247 4183 1306 4232 etc.
1317 4167 1472 4229 Memoris

209 4275 474 4336 commendamus
504 4289 614 4338 tenore
646 4278 846 4359 presencium
870 4277 1084 4358 significantes
1108 4278 1225 4358 quibus
1250 4273 1378 4356 expedit
1402 4272 1471 4333 uni-

209 4381 315 4441 versis.
348 4381 447 4454 Quod
482 4402 541 4444 nos
578 4403 651 4444 cum
683 4383 723 4444 ad
762 4383 1035 4466 supplicacionem
1075 4383 1179 4444 fidelis
1210 4381 1308 4443 nostri
1342 4379 1473 4440 illustris

209 4485 364 4548 lobannis
380 4486 527 4566 Coruini,
545 4486 694 4570 Oppauie
712 4501 743 4550 et
760 4489 941 4572 Lypthouie
955 4490 1044 4551 ducis
1057 4510 1092 4552 ac
1105 4507 1277 4572 regnorum
1291 4500 1472 4548 nostrorum

209 4590 384 4671 Dalmacie,
409 4592 544 4656 Croacie
576 4607 607 4656 et
640 4593 809 4656 Sclavonie
841 4595 926 4674 bani,
950 4615 1007 4678 per
1037 4615 1111 4658 eum
1143 4614 1201 4677 pro
1234 4605 1321 4676 parte
1345 4591 1472 4654 univer-

209 4715 318 4760 sorum
334 4699 453 4760 civium
473 4713 503 4761 et
519 4700 697 4763 incolarum
712 4701 846 4762 civitatis
862 4701 1006 4763 eiusdem
1024 4699 1303 4781 Montisgrecensis
1317 4695 1473 4759 Maiestati

209 4816 315 4865 nostre
339 4817 507 4887 propterea
531 4804 666 4882 factam;
695 4821 764 4868 turn
788 4827 864 4868 vero
889 4821 920 4868 et
942 4807 1092 4889 precipue
1117 4819 1152 4867 ut
1175 4806 1284 4868 civitas
1308 4805 1385 4885 ipsa,
1410 4822 1472 4883 que

209 4911 283 4971 satis
307 4911 437 4972 ruinosa
470 4924 501 4974 et
524 4911 717 4994 depopulata
750 4932 816 4974 esse
840 4911 949 4990 fertur,
973 4933 1031 4994 pro
1056 4927 1162 4974 nostra
1190 4933 1225 4974 ac
1248 4911 1338 4993 regni
1363 4909 1472 4986 nostri,

209 5016 262 5078 sed
295 5031 326 5078 et
349 5017 494 5099 parcium
522 5018 650 5079 illarum
674 5019 809 5082 utilitate
840 5031 870 5082 et
902 5020 1109 5096 incremento,
1135 5037 1269 5080 numero
1302 5031 1333 5080 et
1356 5017 1472 5099 opibus

210 5122 361 5205 adaugeri
386 5137 417 5184 et
441 5122 583 5185 decorari
599 5124 709 5207 possit,
726 5125 830 5186 eidem
855 5125 974 5186 civitati
998 5137 1294 5206 conseuqenterque
1318 5124 1473 5186 universis
