3900 5804
697 551 817 607 Sintula
843 551 1132 610 praebendariorum.
1477 569 1540 630 297

275 655 581 661 -—-..——--—..-—-
610 657 649 661 —.
679 657 722 661 --
762 657 792 660 -
817 655 1398 662 —-.-—-—--.--‚...-.--..-....--.-..-.-

274 776 334 836 diis
357 776 396 837 de
421 778 585 838 communi
610 776 878 840 confraternitatis
911 791 1030 856 nostre,
1054 791 1209 859 quantum
1243 777 1395 859 possibile
1422 791 1477 847 ,est
1510 789 1541 838 et

274 882 422 964 indigens
446 880 551 956 fuerit,
576 885 741 946 consolare
769 897 923 946 teneatur.

378 1077 429 1136 De
448 1079 651 1152 supportandis
671 1079 795 1152 infirmis
818 1087 847 1137 et
866 1078 1002 1152 legittime
1024 1083 1175 1153 occupatis.

377 1217 450 1278 Non
475 1217 636 1278 immerito
653 1218 754 1280 eciam
774 1219 875 1279 visum
895 1232 941 1280 est
958 1219 1061 1296 nobis,
1078 1217 1166 1299 quod
1183 1219 1208 1278 si
1227 1219 1385 1300 quispiam
1405 1218 1539 1281 fratrum

275 1337 457 1384 nostrorum
481 1323 563 1384 adeo
600 1338 729 1406 egrotus
765 1324 911 1397 extiterit,
948 1337 1070 1385 utnon
1104 1324 1210 1385 solum
1242 1325 1363 1405 privata
1395 1327 1539 1405 negocia,

275 1429 500 1490 verumetiam
525 1429 634 1490 divina
659 1429 689 1490 in
715 1429 849 1492 ecclesia
873 1431 959 1491 iuxta
984 1431 1126 1492 debitum
1152 1450 1246 1492 suum
1271 1429 1425 1510 officium,
1449 1432 1538 1494 vide-

276 1536 348 1596 licet
372 1535 465 1597 horas
489 1537 659 1598 canonicas
675 1551 706 1597 et
722 1537 784 1598 alia
808 1536 1074 1599 confraternitatis
1092 1550 1197 1599 nostre
1214 1538 1347 1599 servicia
1364 1539 1536 1601 commode

275 1643 423 1724 supplere
446 1642 565 1704 valeret
590 1643 742 1719 minime;
766 1643 817 1704 vel
835 1644 859 1704 si
885 1644 1081 1725 quicumque
1098 1664 1136 1704 ex
1151 1643 1300 1705 fratribus
1319 1645 1434 1705 nostris
1451 1645 1538 1706 iuxta

277 1747 461 1810 mandatum
488 1748 611 1809 domini
626 1749 747 1810 decani
773 1751 871 1810 nostri
897 1749 1059 1831 aliquibus
1083 1743 1211 1831 collegii
1236 1750 1335 1811 nostri
1354 1751 1493 1812 intentus
1510 1765 1540 1812 et

276 1868 449 1936 occupatus
473 1852 567 1915 fuerit
591 1856 744 1936 negociis,
769 1857 841 1917 loco
858 1856 971 1917 talium
1000 1855 1185 1918 huiusmodi
1203 1855 1345 1918 officium
1364 1877 1419 1938 per
1436 1858 1536 1918 alium

278 1961 486 2042 quemppiam
512 1979 549 2020 ex
574 1961 677 2040 nobis,
702 1975 827 2023 servato
851 1962 934 2023 iusto
959 1961 1083 2040 ordine,
1115 1964 1173 2024 sub
1205 1981 1287 2043 pena
1320 1982 1378 2044 pro
1409 1963 1540 2024 arbitrio

277 2079 386 2128 nostro
410 2065 611 2146 reservanda,
636 2067 785 2150 supplere
809 2082 840 2129 et
863 2081 1050 2150 supportare
1075 2066 1179 2148 faciat,
1204 2089 1243 2129 ne
1277 2068 1406 2129 divinus
1439 2068 1539 2149 negli-

276 2187 368 2252 gatur
392 2173 505 2234 cultus.

378 2371 428 2427 De
451 2369 696 2428 vicissitudinario
723 2370 838 2430 honore.

380 2509 515 2591 insuper
536 2509 655 2592 placuit
679 2510 772 2572 nobis
789 2510 820 2571 in
838 2508 1098 2591 supplementum
1115 2509 1248 2571 honoris
1265 2509 1536 2588 vicissitudinarii,

277 2629 310 2676 ut
334 2615 606 2696 quandocumque
631 2617 663 2677 in
688 2615 909 2678 ecclesiasticis
932 2615 1028 2677 simul
1052 2628 1083 2677 et
1107 2615 1234 2694 divinis,
1258 2615 1375 2698 pariter
1398 2629 1428 2675 et
1452 2635 1539 2676 secu-

276 2721 397 2782 laribus
420 2741 584 2782 versamur
609 2722 761 2802 negociis,
786 2741 912 2804 semper
935 2742 951 2782 a
977 2721 1156 2782 iunioribus
1180 2719 1328 2810 fratribus
1361 2721 1541 2782 senioribus

277 2827 309 2887 in
332 2826 551 2888 antecedendo
576 2841 606 2888 et
630 2827 858 2910 postcedendo,
883 2828 1024 2889 adinstar
1048 2827 1266 2906 dominorum,
1289 2827 1457 2908 prebeatur
1485 2827 1539 2887 de-

277 2932 341 2994 bita
365 2933 558 3012 reverencia,
580 2947 611 2994 et
635 2954 651 2994 e
676 2953 842 3012 convers0,
867 2954 925 3016 pro
950 2934 1021 2995 loco
1047 2947 1077 2995 et
1101 2948 1246 3015 tempore
1271 2933 1396 2994 debitis.

379 3131 506 3188 Dinon
530 3131 701 3188 intrudendi
725 3148 753 3187 se
777 3131 808 3187 in
832 3126 953 3186 alterius
976 3131 1222 3202 supportandam.

379 3268 530 3348 Demum,
555 3271 629 3351 quia
654 3270 729 3331 certi
754 3291 791 3330 ex
816 3269 909 3329 nobis
933 3288 997 3330 non
1023 3283 1132 3329 exacto
1157 3287 1242 3330 anno
1274 3269 1433 3330 servitutis
1467 3288 1540 3350 sup·

276 3374 435 3456 portantie
461 3374 590 3436 alterius
614 3373 728 3454 fratris,
753 3376 818 3436 imo
843 3375 943 3435 eciam
968 3393 1024 3457 per
1048 3387 1219 3455 patronum
1252 3374 1392 3435 insoluto
1424 3374 1540 3435 salario

277 3479 421 3541 eiusdem
456 3480 488 3541 in
520 3481 707 3544 huiusmodi
737 3482 867 3542 alterius
903 3479 1007 3542 fratris
1043 3481 1278 3562 supportantias
1311 3500 1366 3562 per
1397 3481 1475 3563 phas
1510 3459 1567 3542 et¹

277 3585 397 3668 nephas
420 3606 488 3647 sese
511 3586 673 3649 intrudere
697 3589 813 3666 solent,
847 3600 1042 3668 quapropter
1065 3587 1144 3649 tales
1168 3607 1250 3668 pene
1282 3586 1434 3669 premisse
1466 3587 1540 3647 sub·

278 3691 379 3752 iacere
403 3692 553 3754 volumus
569 3693 638 3774 ipso
657 3691 746 3754 facto
