3752 5806
659 565 733 625 Dec.
749 579 803 644 44.
832 599 870 610 -
896 566 951 624 An.
973 579 1060 641 1505.
1447 587 1487 649 45

222 785 415 849 tributorum
439 803 568 854 tuorum
592 793 762 855 molestare
787 807 817 855 et
841 793 997 875 impedire
1022 813 1087 856 non
1105 794 1249 857 auderes.
1268 797 1360 859 Nunc
1384 817 1491 859 rursus

223 891 410 970 gravissime
436 911 544 960 contra
568 911 598 961 te
623 900 722 960 iidem
746 901 831 960 cives
854 901 954 962 nostri
972 901 1066 962 nobis
1083 915 1334 981 conqueruntur,
1352 904 1490 984 qualiter

221 1007 254 1056 tu
286 997 393 1062 adhuc
429 1001 515 1085 ipsos
548 1017 657 1068 contra
688 1005 805 1066 dictam
837 1024 949 1066 eorum
982 1006 1161 1068 libertatern
1190 1020 1286 1090 atque
1311 1021 1420 1070 contra
1444 1022 1492 1072 tot

221 1098 340 1164 litteras
373 1119 405 1168 et
436 1111 586 1172 mandata
618 1125 725 1174 nostra
756 1131 812 1192 per
843 1111 1041 1174 exactionem
1075 1113 1185 1174 tributi
1209 1133 1323 1176 vexare
1346 1134 1411 1176 non
1436 1115 1491 1178 de.

221 1207 357 1290 sisteres,
375 1227 406 1275 et
431 1235 496 1276 non
520 1217 626 1279 solum
649 1218 734 1300 ipsos
757 1217 797 1278 ad
822 1217 1016 1280 solvendum
1039 1219 1097 1280 tibi
1121 1219 1276 1281 tributum
1294 1239 1408 1302 cogere
1425 1241 1491 1284 non

221 1331 370 1397 cessares,
395 1321 451 1382 sed
484 1323 660 1385 maioribus
691 1324 793 1385 eciam
825 1325 1054 1386 macionibus
1082 1325 1168 1405 ipsos
1192 1323 1318 1388 afficere
1342 1327 1490 1410 cepisses,

221 1437 316 1500 prout
340 1427 524 1508 nuperrime
557 1430 597 1490 ab
630 1430 730 1492 altero
754 1430 897 1512 ipsorum
922 1431 1041 1492 civium
1066 1449 1166 1492 unum
1195 1431 1323 1512 pondus
1346 1432 1408 1494 olei
1433 1433 1490 1494 flo-

223 1544 376 1592 renorum
410 1533 592 1614 duodecim,
617 1537 657 1600 ab
688 1537 753 1598 alio
782 1555 890 1598 rursus
913 1537 1015 1619 pisces
1042 1537 1220 1598 maritimos
1242 1536 1382 1599 florenos
1404 1539 1490 1599 XVII

220 1633 375 1718 valentes,
395 1653 427 1701 et
448 1641 488 1702 ab
512 1661 578 1703 uno
602 1643 717 1704 iterum
734 1641 847 1724 viginti
865 1662 918 1705 sex
936 1643 1035 1704 boves
1051 1642 1208 1704 violenter
1224 1642 1335 1705 aufferi
1353 1642 1490 1726 fecisses,

223 1759 285 1820 que
310 1744 421 1806 omnia
446 1746 479 1808 in
502 1759 594 1809 tuum
620 1767 713 1810 usum
738 1747 958 1825 convertisses,
980 1747 1032 1808 vel
1057 1747 1145 1826 alias,
1163 1767 1229 1828 quo
1251 1760 1305 1809 tue
1322 1748 1491 1831 placuisset

222 1847 392 1930 voluntati,
427 1851 565 1934 fecisses,
597 1873 703 1935 neque
738 1854 814 1936 ipsis
847 1853 1011 1914 restituere
1047 1872 1181 1926 curares,
1205 1853 1305 1914 eciam
1341 1853 1491 1916 mandata

224 1966 331 2016 nostra
374 1976 438 2018 non
478 1961 649 2022 abservana
687 1960 719 2022 in
754 1981 852 2043 grave
892 1958 1046 2020 damnum
1086 1971 1116 2020 et
1150 1959 1363 2040 preludicium
1395 1973 1492 2042 atque

223 2057 478 2126 destruccionem
496 2079 527 2127 et
543 2066 782 2128 desolacionem
799 2065 920 2148 prefate
938 2065 1073 2128 civitatis
1089 2079 1195 2127 nostre
1213 2077 1243 2127 et
1260 2079 1492 2147 consequenter

223 2169 403 2230 eorundem
427 2171 546 2233 civium
571 2185 764 2234 nostrorum.
797 2171 891 2236 Unde
916 2191 976 2233 nos
999 2183 1127 2254 accepta
1151 2169 1348 2254 prefatorum
1372 2172 1491 2233 civium

223 2288 408 2337 nostrorum
429 2277 611 2340 humillima
634 2291 665 2340 et
688 2278 888 2340 lamentabili
912 2277 1152 2361 supplicacione
1178 2296 1233 2359 per
1250 2276 1381 2339 eosdem
1398 2277 1492 2338 nobis

224 2395 394 2462 propterea
411 2398 565 2464 porrecta,
578 2385 725 2447 nolentes
738 2385 801 2447 iam
814 2385 948 2447 ulterius
959 2397 1081 2446 tantam
1093 2383 1335 2465 oppressionem
1349 2383 1491 2464 ipsorum

223 2489 299 2567 pati,
324 2489 516 2552 mandamus
539 2491 685 2553 fidelitati
708 2503 761 2554 tue
785 2492 899 2554 harum
927 2492 1007 2554 serie
1031 2490 1238 2568 strictissime,
1262 2489 1349 2550 aliud
1373 2489 1490 2550 habere

224 2594 381 2674 nolentes,
406 2609 563 2677 quatenus
593 2599 699 2660 statim
731 2597 806 2659 visis
837 2597 1047 2680 presentibus,
1072 2609 1144 2656 ante
1180 2596 1289 2656 omnia
1324 2595 1492 2676 premissas

225 2721 273 2763 res
305 2716 336 2764 et
369 2704 453 2765 bona
484 2703 682 2785 prefatorum
713 2705 832 2766 civium
857 2715 1039 2765 nostrorum
1063 2722 1119 2786 per
1142 2714 1172 2762 te
1197 2720 1233 2762 ac
1257 2714 1340 2780 tuos,
1365 2713 1399 2761 ut
1422 2720 1492 2783 pre-

225 2809 359 2870 missum
384 2823 440 2887 est,
457 2811 565 2872 minus
585 2811 666 2872 iuste
683 2824 713 2872 et
731 2810 873 2872 indebite
890 2809 1011 2872 ablatas
1028 2822 1058 2870 et
1076 2820 1212 2890 recepta,
1230 2806 1352 2868 eisdem
1370 2805 1493 2867 civibus

225 2916 340 2976 nostris
364 2916 404 2977 ad
428 2917 561 2998 plenum
587 2919 750 2979 restituere
774 2932 806 2978 et
829 2918 915 3000 ipsos
938 2915 1110 2998 superinde
1127 2913 1233 2976 modis
1249 2912 1400 2974 omnibus
1417 2931 1491 2972 con-

225 3033 330 3084 tentos
354 3022 487 3085 reddere
511 3024 629 3086 debeas
653 3037 683 3086 et
713 3024 860 3102 tenearis,
885 3023 1100 3105 deincepsque
1118 3020 1248 3082 eosdem
1266 3031 1375 3080 contra
1393 3017 1493 3079 dictas

226 3146 339 3190 eorum
371 3128 533 3192 libertates
564 3143 595 3193 et
625 3131 793 3213 privilegia
825 3129 864 3192 ad
897 3129 1097 3191 solucionem
1130 3126 1265 3188 alicuius
1296 3123 1406 3185 tributi
1436 3143 1492 3185 seu

225 3233 361 3297 thelonii
394 3237 426 3298 in
457 3237 537 3298 locis
569 3237 712 3319 ipsorum
736 3237 929 3298 tributorum
953 3248 1083 3296 tuorum
1107 3249 1312 3312 nequaquam
1336 3243 1436 3290 artare
1462 3243 1492 3290 et

227 3341 432 3422 compellere,
457 3343 615 3424 artarique
646 3356 677 3404 et
702 3341 851 3424 compelli
877 3339 980 3402 facere
1004 3339 1132 3401 audeas.
1156 3337 1320 3410 Quoniam
1345 3335 1491 3415 alioquin

227 3460 331 3508 certus
364 3447 417 3525 sis,
442 3447 529 3528 quod
559 3448 636 3530 ipsis
658 3449 780 3510 civibus
803 3447 919 3507 nostris
943 3465 1133 3521 annuemus,
1158 3456 1193 3504 ut
1216 3461 1248 3503 se
1273 3453 1382 3503 contra
1405 3453 1436 3502 te
1460 3439 1491 3500 in

227 3552 412 3614 huiusmodi
438 3553 581 3635 ipsorum
605 3553 805 3616 libertatibus
822 3551 995 3613 defendere
1012 3563 1043 3612 et
1058 3563 1225 3632 protegere
1242 3547 1374 3629 possint.
1392 3545 1491 3606 Aliud

228 3659 324 3739 igitur
348 3659 437 3721 nulla
461 3660 589 3721 racione
614 3659 716 3721 facere
741 3677 914 3740 presumas.
932 3655 1138 3718 Presentibus
1154 3653 1311 3736 perlectis,
1331 3652 1492 3713 exhibenti

228 3766 389 3828 restitutis.
414 3765 532 3827 Datum
564 3765 654 3826 Bude
676 3765 707 3826 in
734 3762 814 3825 festo
838 3761 1071 3844 assumpcionis
1099 3759 1280 3822 beatissime
1306 3758 1406 3819 Marie
1431 3757 1492 3817 vir·

227 3871 320 3952 ginis.
344 3873 441 3932 Anno
465 3870 588 3932 domini
612 3870 787 3932 millesimo
811 3867 1071 3949 quingentesimo
1097 3865 1220 3946 quinto.

334 3993 472 4059 Originale
491 3995 516 4044 iu
536 3994 669 4058 chartam
689 3993 807 4058 margine
828 3989 946 4042 inferlorl
967 3989 1123 4054 impressum
1144 3991 1184 4037 est
1204 3986 1331 4050 sigillum.
1349 3985 1375 4035 ln
1395 3985 1491 4036 archiv.

228 4082 309 4134 inclit.
328 4083 423 4136 Accad.
444 4080 532 4132 Scient
559 4080 662 4134 slavor.
684 4081 775 4132 merid.

830 4275 896 4340 44.

335 4401 409 4451 huno
434 4398 916 4464 1505,1.septemsrtsaagrabtae.
961 4443 967 4452 ,
1058 4409 1064 4424 ·

235 4507 399 4582 Capitulum
423 4527 483 4568 ecce.
499 4509 615 4582 sagrab.
631 4527 735 4566 munus
754 4514 909 4580 perpetuae
931 4513 960 4562 et
979 4503 1165 4578 quotidianae
1188 4501 1291 4557 musae
1306 4501 1335 4556 in
1353 4495 1489 4556 honorem

229 4632 250 4674 s.
281 4617 359 4686 regis
398 4611 540 4687 Stephani
569 4615 767 4696 instituendae,
792 4613 929 4686 pensione
962 4611 1125 4684 assignata,
1158 4609 1189 4662 in
1221 4624 1322 4664 curam
1350 4604 1489 4678 praeben-

719 4720 869 4776 dariorum
893 4719 1011 4790 delegat.

338 4843 399 4904 Pro
423 4844 518 4904 missa
539 4843 569 4904 b.
592 4841 674 4921 regis
699 4839 862 4922 Stephani,
887 4836 1012 4919 patroni
1036 4835 1131 4895 huius
1155 4833 1238 4893 alme
1262 4830 1407 4908 ecclesie,
1430 4829 1493 4890 sin·

229 4954 313 5034 gulis
338 4951 452 5013 diebus
476 4947 634 5012 cantando
659 4943 875 5008 continuanda
900 4961 994 5023 super
1018 4959 1136 5020 magno
1160 4937 1261 5014 altari,
1279 4936 1384 4998 statim
1406 4933 1493 4996 linita

230 5062 334 5146 prima
358 5057 471 5143 (hora),
495 5076 568 5118 cum
593 5054 712 5116 eisdem
741 5048 960 5134 prebendariis
987 5045 1157 5108 conventio
1182 5041 1263 5104 facta
1287 5055 1333 5103 est
1358 5037 1493 5102 infesto
