3732 5802
621 554 692 616 Dec.
710 553 763 629 69.
789 593 832 602 —
855 561 909 620 An.
927 571 1018 634 1509.
1411 579 1450 642 73

1212 665 1447 673 ——--—..-.

293 785 382 862 ltem,
406 784 564 846 secundus
587 786 748 848 articulus.
782 788 880 862 Quod
904 789 1100 869 quicumque
1126 809 1162 850 ex
1188 789 1374 850 concivibus
1397 808 1452 850 scu

189 890 455 971 inhabitatoribus
490 891 634 953 eiusdem
669 893 803 955 civitatis
839 894 890 955 vel
925 913 962 954 er
994 893 1206 956 familiaribus
1241 895 1385 956 eiusdem
1419 895 1452 956 in

189 997 330 1078 capitulo
360 998 412 1058 vel
444 999 526 1060 intra
557 999 753 1061 territorium
787 1001 923 1062 civitatis
955 1001 1080 1082 aliquas
1112 1021 1161 1064 res
1193 1002 1332 1079 venales,
1356 1015 1452 1083 puta:

188 1123 307 1181 carnes,
335 1123 482 1185 avenam,
514 1107 631 1187 pullos,
662 1127 798 1186 anseres,
833 1127 893 1170 ova
925 1110 976 1169 vel
1007 1108 1194 1171 huiusmodi
1227 1110 1350 1187 emerit,
1383 1109 1454 1170 talis

187 1225 400 1291 transgressor
424 1231 540 1293 penam
564 1214 809 1296 suprascriptam
834 1215 1004 1297 persolvat,
1022 1229 1155 1297 excepto
1180 1216 1343 1278 dumtaxat
1368 1213 1454 1292 leno,

187 1315 478 1396 tignis,asseribus
502 1333 532 1381 et
554 1321 735 1400 roboribus,
759 1341 906 1404 paneque
932 1334 963 1382 et
987 1321 1074 1383 vino.
1471 1323 1474 1328 ’

295 1423 386 1503 Item,
412 1426 500 1506 quod
531 1446 627 1488 nemo
661 1441 692 1488 et
722 1427 831 1488 nullus
862 1427 996 1488 omnino
1028 1426 1198 1489 hominum
1226 1428 1258 1488 in
1282 1428 1380 1488 domo
1404 1426 1455 1488 vel

188 1530 247 1590 sub
267 1530 485 1610 stationibus,
516 1532 628 1613 pisces,
657 1547 711 1594 aut
742 1532 927 1594 huiusmodi
960 1533 1119 1612 utensilia,
1143 1535 1202 1594 sub
1233 1553 1316 1616 pena
1347 1551 1455 1614 supra·

189 1635 305 1717 scripta
330 1637 470 1699 audeant
492 1659 548 1700 seu
572 1653 756 1722 presumant
786 1659 892 1700 emere
916 1639 976 1700 nisi
1001 1639 1033 1700 in
1057 1651 1158 1700 teatro
1182 1659 1238 1702 seu
1261 1640 1334 1701 loco
1358 1639 1398 1700 ad
1423 1637 1454 1699 id

190 1755 265 1824 apto
298 1761 356 1804 seu
390 1745 572 1825 constitum,
598 1747 699 1807 eciam
732 1747 765 1806 in
794 1746 867 1807 vicu
894 1765 951 1808 seu
974 1745 1129 1807 suburbio
1153 1746 1296 1808 eiusdem
1321 1745 1457 1806 civitatis

191 1847 382 1909 huiusmodi
415 1863 626 1932 transgressor
657 1867 799 1934 repertus
830 1851 934 1929 fuerit,
966 1851 1101 1914 eandem
1132 1871 1247 1934 penam
1281 1851 1459 1934 persolvat;

190 1954 318 2016 sivero
351 1956 510 2037 quispiam
542 1977 599 2039 per
630 1957 729 2019 alium
758 1957 944 2020 huiusmodi
969 1977 1018 2019 res
1041 1977 1146 2018 emere
1171 1957 1297 2036 faceret,
1321 1956 1455 2018 eandem

191 2079 309 2140 penam
334 2059 486 2141 subjacet.

298 2166 388 2244 ltem,
410 2167 497 2248 quod
522 2168 630 2229 nullus
652 2169 787 2232 omnino
811 2169 979 2232 hominum
1004 2184 1070 2232 tam
1095 2170 1213 2230 civium
1237 2189 1333 2250 quam
1356 2169 1455 2230 eciam

192 2271 479 2353 prebendariorum
497 2273 529 2334 in
545 2273 654 2336 medio
671 2277 770 2337 nostri
788 2277 1040 2338 inhabitantium
1055 2289 1239 2359 presumant
1251 2295 1307 2336 seu
1319 2275 1458 2336 audeant

192 2379 250 2439 sub
272 2398 356 2460 pena
379 2379 522 2460 quinque
539 2400 717 2443 marcarum
735 2383 940 2444 denariorum
959 2383 1031 2443 vina
1049 2382 1218 2444 hominum
1235 2395 1457 2443 extraneorum

195 2485 226 2545 in
250 2483 380 2546 cellaria
404 2505 459 2546 sua
484 2487 534 2548 vel
560 2487 591 2548 in
613 2487 728 2550 domos
748 2507 860 2550 eorum
885 2489 1028 2572 accipere
1049 2503 1080 2550 et
1096 2488 1215 2569 deponi
1231 2485 1457 2568 facere;·quod

195 2591 219 2650 si
251 2589 349 2670 judex
380 2591 455 2652 anni
488 2606 604 2653 eotunc
638 2593 800 2656 existentis
832 2615 906 2656 cum
930 2593 1039 2676 juratis
1063 2594 1128 2656 suis
1151 2593 1335 2655 huiusmodi
1359 2607 1458 2654 trans-

194 2717 371 2778 gressorem
405 2699 533 2760 resciret
563 2713 594 2760 et
625 2700 664 2760 ad
697 2701 920 2782 recipiendum
954 2701 1082 2783 tepidus
1115 2713 1206 2779 esset,
1230 2713 1344 2764 extunc
1373 2700 1459 2762 idem

196 2802 289 2882 judex
314 2823 388 2866 cum
412 2805 477 2866 suis
502 2805 612 2888 juratis
635 2806 820 2868 huiusmodi
846 2827 961 2889 penam
986 2807 1180 2900 subjaceant.

305 2947 327 2995 E
350 2947 448 2999 tabulis
470 2949 591 3014 J'udlciar.
611 2949 656 3000 lib.
676 2963 731 3014 reg.
751 2949 800 3001 civ.
820 2951 926 3014 ragrab.
952 2949 978 3000 ln
1005 2947 1101 3000 archiv.
1122 2947 1181 3000 incl.
1200 2949 1281 3000 Acad.
1300 2945 1332 2998 ll.
1354 2948 1378 2999 d.
1399 2947 1457 2998 23⁵.

795 3230 858 3294 69.

301 3391 374 3441 llnno
397 3392 471 3454 1509,
493 3395 516 3442 8.
536 3389 607 3441 maii.
627 3390 782 3455 Zagrabiae.

204 3520 398 3576 Communilas
420 3518 546 3574 civitatis
561 3519 671 3592 soenile
692 3518 905 3576 communitatis
928 3517 1054 3590 Georgia
1077 3516 1203 3575 Kus'ti‘r'n
1221 3531 1245 3592 3
1267 3517 1334 3584 flor.
1352 3516 1457 3576 vendit.

303 3677 370 3737 Nos
397 3677 611 3737 communitas
642 3675 760 3736 civium
793 3675 928 3736 civitatis
960 3675 1078 3736 montis
1103 3674 1280 3736 Grecensis.
1306 3673 1462 3734 Memoris

199 3782 464 3844 commendamus
487 3795 597 3844 tenore
624 3783 824 3862 presencium
848 3781 1072 3862 significantes,
1098 3781 1215 3862 quibus
1239 3779 1366 3861 expedit
1391 3780 1460 3840 uni·

202 3889 310 3950 versis.
336 3888 433 3960 Quod
465 3908 524 3950 nos
555 3887 718 3968 quoddam
753 3887 849 3948 lenile
883 3901 1026 3948 nostrum
1052 3906 1222 3948 commune
1247 3887 1278 3946 in
1303 3885 1462 3946 territorio

199 4007 307 4056 nostro
343 4014 399 4055 seu
435 3994 570 4056 civitatis
606 3992 726 4074 prefate
762 3994 842 4054 inter
878 3993 973 4054 fenile
1006 3993 1168 4075 prebende
1200 3993 1299 4053 sancti
1334 3991 1461 4052 Martini

198 4098 391 4162 confessoris
415 4100 446 4160 in
472 4099 555 4160 dicta
580 4099 705 4160 civitate
728 4113 833 4160 nostra
858 4099 890 4160 in
914 4099 1064 4181 hospitali
1086 4119 1141 4159 seu
1162 4099 1193 4159 in
1222 4099 1354 4160 ecclesia
1372 4099 1462 4158 beate

199 4207 298 4268 Marie
324 4206 455 4286 virginis
479 4205 613 4283 fundati,
636 4226 655 4268 a
678 4219 765 4286 parte
790 4207 981 4284 orientali,a
1004 4206 1147 4287 partibus
1167 4225 1243 4266 vero
1260 4203 1462 4266 meridionali

198 4325 228 4372 et
260 4311 511 4393 septemtrionali
545 4311 684 4391 quedam
715 4310 831 4372 fossate
854 4325 960 4372 nostre
986 4311 1225 4372 communitatis
1246 4325 1389 4391 tempore
1414 4310 1462 4370 in-

199 4419 416 4480 undacionum
435 4437 590 4498 aquarum
608 4417 811 4480 decurrentes
829 4419 913 4498 ulgo
932 4417 1088 4500 Chou‘ely
1106 4417 1200 4495 dicte,
1214 4417 1254 4478 ab
1271 4415 1460 4478 occidentali

200 4535 301 4605 usque
333 4525 418 4584 viam
450 4544 655 4586 communem
689 4523 833 4585 habitum
866 4539 896 4584 et
927 4524 1062 4584 existens
1092 4524 1187 4583 simul
1216 4542 1288 4584 cum
1313 4522 1464 4582 omnibus

200 4630 343 4692 eiusdem
375 4627 481 4690 lenitis
512 4629 713 4708 utilitatibus,
736 4629 868 4710 juribus,
894 4629 1013 4706 usibus,
1039 4629 1273 4708 integritatibus
1307 4641 1337 4689 et
1369 4627 1464 4708 perti·
1500 4643 1503 4650 ·

201 4735 322 4797 nenciis
359 4735 514 4796 universis
547 4735 683 4818 provido
716 4749 746 4796 et
776 4735 911 4796 honesto
944 4733 1086 4814 Georgio
1118 4733 1247 4816 pellifici
1281 4733 1463 4816 Ku'sychyn

202 4841 286 4904 dicto
310 4861 347 4904 ac
372 4861 428 4923 per
454 4861 527 4903 eum
552 4842 616 4902 suis
640 4842 821 4920 heredibus,
838 4841 1058 4920 heredumque
1079 4859 1210 4901 suorum
1231 4839 1465 4900 successoribus

202 4968 257 5029 pro
280 4949 383 5010 tribus
408 4947 535 5010 florenis
559 4947 672 5026 aureis,
694 4967 749 5028 per
773 4947 912 5008 eundem
934 4947 1027 5006 nobis
1047 4967 1102 5006 seu
1120 4945 1340 5008 communitati
1358 4959 1464 5006 nostre

203 5055 345 5137 plenarie
383 5053 462 5115 datis
498 5069 529 5116 et
563 5055 741 5136 persolutis,
775 5054 910 5114 liberum
947 5055 1066 5133 absque
1101 5053 1188 5112 omni
1225 5071 1321 5113 censu
1355 5066 1464 5114 nostro
