3900 5804
415 467 478 528 330
902 442 990 502 Add:
1014 444 1092 504 Ann.
1117 453 1209 518 1500.

417 551 643 561 ---

414 672 563 734 tinenciis
587 671 742 732 universis
767 670 866 732 libere
889 683 920 732 et
944 669 1075 752 pacifice
1105 670 1236 733 tenendi
1260 689 1295 731 ac
1328 669 1513 752 possidendi
1543 669 1678 731 liberam

415 779 530 841 habeat
554 777 720 860 potestatis
744 776 946 854 facultatem;
978 777 1034 840 ubi
1067 797 1143 839 vero
1180 776 1317 838 eandem
1348 775 1514 838 dominam
1546 774 1679 836 Luciam

415 885 526 947 divino
550 884 753 968 permittente
770 883 890 965 judicio
914 885 954 945 ab
978 883 1040 946 hoc
1063 883 1173 946 seculo
1198 883 1351 945 decedere
1368 881 1547 964 contigerit,
1564 893 1680 942 extunc

414 992 529 1054 eedem
562 991 732 1074 porciones
762 990 1022 1072 possessionarie,
1044 989 1301 1072 possessionibus
1331 989 1363 1050 in
1388 987 1537 1071 predictis
1560 985 1680 1064 habite,

415 1117 488 1160 cum
513 1099 652 1181 ipsarum
678 1097 868 1160 utilitatibus
892 1109 923 1158 et
945 1097 1151 1179 pertinenciis
1176 1095 1373 1178 quibuslibet
1397 1115 1472 1156 mox
1497 1107 1528 1155 et
1546 1093 1578 1154 in
1603 1111 1679 1153 con·

413 1204 529 1267 tinenti
552 1203 585 1266 in
609 1218 640 1266 et
663 1204 703 1266 ad
727 1202 887 1286 prelatum
915 1203 1091 1286 capitulum
1125 1203 1259 1265 ecclesie
1293 1201 1509 1284 zagrabiensis
1540 1198 1679 1275 devolvi,

414 1310 652 1392 redundarique
676 1325 707 1372 et
731 1309 945 1372 condescendi
969 1309 1107 1371 debeant
1131 1310 1228 1392 pleno
1252 1309 1338 1391 jure;
1363 1308 1490 1370 nullum
1522 1306 1582 1388 jus,
1607 1305 1678 1367 nul-

413 1417 519 1478 lamve
543 1416 619 1498 juris
643 1429 673 1478 et
697 1415 833 1478 dominii
866 1417 1105 1498 proprietatem,
1140 1414 1228 1497 quod
1260 1428 1292 1476 et
1317 1432 1413 1496 quam
1445 1415 1513 1496 ipsa
1546 1413 1677 1474 domina

414 1523 513 1585 Lucia
536 1522 702 1604 hucusque
726 1522 759 1583 in
783 1521 897 1584 iisdem
921 1521 1130 1604 porcionibus
1153 1521 1410 1604 possessionariis
1434 1519 1607 1598 habuisset,
1625 1531 1679 1579 aut

413 1629 446 1691 in
470 1627 614 1691 futurum
638 1629 755 1690 habere
778 1647 871 1711 posse
895 1641 1045 1711 speraret,
1069 1628 1129 1690 sibi
1155 1628 1214 1710 ipsi
1240 1641 1271 1690 et
1294 1628 1359 1688 suis
1383 1626 1556 1688 heredibus
1579 1643 1678 1686 reser-

414 1735 530 1814 vando,
555 1755 588 1798 se
611 1747 714 1796 totum
738 1733 798 1816 jus,
835 1754 998 1816 omneque
1032 1733 1214 1796 dominium
1246 1735 1278 1796 in
1310 1732 1469 1816 prelatum
1501 1731 1677 1814 capitulum

414 1841 511 1924 pleno
547 1840 615 1922 jure
648 1839 880 1903 transferendo.
916 1841 950 1901 ln
987 1840 1078 1902 cuius
1112 1841 1158 1902 rei
1197 1840 1398 1918 memoriam,
1431 1838 1677 1918 firmitatemque

414 1960 624 2030 perpetuam,
661 1960 823 2029 presentes
858 1947 980 2009 litteras
1028 1960 1151 2008 nostras
1186 1945 1402 2028 privilegiales
1444 1943 1612 2028 pendentis
1649 1955 1680 2004 et

414 2053 566 2116 autentici
590 2053 688 2135 sigilli
713 2054 812 2116 nostri
837 2053 1017 2114 munimine
1034 2053 1209 2130 roboratas,
1226 2053 1331 2114 eidem
1350 2052 1490 2135 capitulo
1507 2049 1678 2132 prescripte

414 2159 547 2222 ecclesie
571 2159 797 2240 zagrabiensis,
829 2159 907 2240 juris
938 2158 1082 2220 eiusdem
1116 2159 1156 2220 ad
1190 2159 1348 2220 cautelam
1383 2157 1533 2219 duximus
1566 2174 1678 2217 conce·

414 2265 535 2327 dendas
559 2266 723 2328 communi
756 2264 879 2347 justicia
914 2265 1106 2347 requirente.
1142 2265 1261 2326 Datum
1296 2262 1375 2326 feria
1405 2263 1502 2326 tercia
1532 2261 1678 2344 proxima

414 2384 488 2434 ante
513 2370 629 2434 festum
665 2371 750 2433 beati
786 2370 935 2453 Gregorii
971 2390 1063 2454 pape.
1095 2375 1192 2432 Anno
1223 2370 1348 2432 domini
1380 2369 1554 2432 millesimo
1585 2369 1678 2450 quin·

411 2477 603 2560 gentesim0.
634 2512 676 2522 —
701 2477 768 2538 Nos
791 2477 891 2558 igitur
914 2477 1104 2539 humillimis
1121 2491 1152 2538 et
1167 2477 1293 2538 devotis
1309 2475 1603 2560 supplicacionibus
1619 2494 1677 2557 pro

411 2597 500 2666 parte
523 2583 667 2646 eiusdem
691 2583 822 2666 capituli
847 2584 979 2646 ecclesie
1004 2583 1220 2665 zagrabiensis
1237 2596 1355 2662 nostre,
1373 2582 1471 2644 modo
1489 2602 1555 2664 quo
1571 2601 1678 2664 supra,

412 2691 566 2773 porrectis
590 2690 759 2770 Maiestati,
774 2690 861 2772 regia
885 2689 1082 2771 benignitate
1098 2690 1255 2752 exauditis
1276 2702 1307 2752 et
1330 2690 1505 2751 clementer
1520 2688 1677 2766 admissis,

412 2797 602 2878 prescriptas
624 2795 745 2858 litteras
776 2797 919 2858 annotati
944 2809 1121 2858 conventus
1153 2796 1192 2858 de
1226 2797 1313 2876 Zala,
1345 2815 1411 2858 non
1440 2796 1578 2874 abrasas,
1611 2813 1677 2855 non

413 2902 615 2982 cancellatas,
639 2923 698 2965 nec
723 2904 754 2964 in
789 2903 897 2985 aliqua
932 2902 980 2964 sui
1015 2915 1104 2984 parte
1138 2916 1310 2984 suspectas,
1345 2903 1400 2964 sed
1424 2904 1514 2965 omni
1549 2921 1678 2983 prorsus

410 3007 495 3070 vicio
519 3021 551 3070 et
574 3010 756 3092 suspicione
778 3022 931 3088 carentes,
955 3009 1222 3091 presentibusque
1246 3009 1360 3070 litteris
1383 3009 1499 3070 nostris
1514 3007 1678 3091 privilegi-

412 3114 517 3176 alibus
540 3114 580 3176 de
604 3117 702 3177 verbo
727 3115 767 3176 ad
791 3117 925 3178 verbum
948 3116 1015 3176 sine
1041 3115 1261 3176 diminucione
1284 3127 1315 3176 et
1338 3127 1511 3196 augmento
1543 3113 1676 3195 aliquali

413 3219 556 3300 insertas,
581 3221 689 3302 quoad
714 3240 826 3282 omnes
851 3220 1026 3283 earundem
1044 3221 1273 3298 continencias,
1290 3220 1449 3282 clausulas
1473 3235 1504 3282 et
1527 3220 1678 3282 articulos

412 3339 555 3406 eatenus,
580 3339 738 3409 quatenus
761 3327 873 3390 eedem
897 3328 955 3388 rite
979 3340 1011 3388 et
1032 3327 1189 3408 legittime
1206 3327 1345 3388 existunt
1361 3339 1518 3406 emanate,
1541 3327 1677 3388 viribus-

412 3450 476 3514 que
500 3453 611 3496 earum
638 3434 754 3496 veritas
784 3433 984 3515 suffragatur,
1016 3447 1109 3512 ratas,
1139 3445 1244 3513 gratas
1274 3445 1304 3494 et
1335 3445 1479 3515 acceptas
1513 3433 1677 3512 habentes,

413 3539 579 3620 premissis
603 3539 732 3602 dacioni
758 3553 789 3602 et
806 3540 988 3618 collacioni,
1005 3540 1141 3621 aliisque
1157 3539 1309 3601 omnibus
1325 3552 1357 3600 et
1373 3539 1508 3620 singulis
1532 3540 1677 3621 superius

412 3644 444 3706 in
468 3657 580 3708 tenore
604 3645 778 3708 earundem
796 3646 971 3708 litterarum
989 3645 1153 3728 expressis,
1167 3658 1311 3707 nostrum
1335 3646 1460 3727 regium
1485 3665 1677 3708 consensum

413 3752 611 3834 prebuimus,
635 3752 736 3814 immo
759 3752 931 3834 prebemus
955 3752 1151 3814 benevolum
1174 3749 1292 3834 pariter
1315 3763 1346 3814 et
1378 3771 1554 3814 assensum.
1578 3752 1677 3826 Quod

413 3857 625 3920 nihilominus
650 3859 692 3920 ob
717 3858 806 3920 illam
830 3877 919 3940 spem
944 3871 975 3920 et
998 3858 1222 3938 devocionem,
1239 3878 1336 3940 quam
1361 3877 1436 3940 erga
1453 3860 1582 3920 beatum
1607 3859 1677 3920 Ste-

411 3961 555 4045 phanum
578 3983 686 4046 regem
711 3964 744 4026 in
768 3965 858 4026 cuius
881 3965 1023 4046 glorioso
1058 3964 1190 4026 nomine
1220 3965 1352 4026 ecclesia
1385 3965 1453 4047 ipsa
1485 3964 1677 4027 kathedralis

412 4069 627 4149 zagrabiensis
651 4069 784 4132 lundata
808 4091 875 4132 esse
900 4069 1089 4150 dinoscitur,
1112 4071 1254 4153 gerimus
1286 4083 1318 4132 et
1349 4070 1516 4152 habemus,
1540 4071 1675 4153 speciale

411 4187 516 4236 totum
540 4189 572 4237 et
595 4195 692 4239 omne
716 4177 765 4259 jus
789 4191 933 4238 nostrum
958 4178 1095 4259 regium,
1119 4177 1144 4238 si
1169 4177 1256 4259 quod
1282 4178 1314 4239 in
1345 4177 1528 4260 prescriptis
1550 4177 1676 4260 porcio·

413 4280 508 4341 nibus
530 4283 790 4364 possessionariis
813 4283 1092 4365 qualitercumque
1109 4283 1311 4364 haberemus,
1327 4297 1382 4346 aut
1398 4283 1510 4346 eedem
1534 4297 1675 4346 nostram

413 4406 451 4449 ex
484 4387 742 4470 quibuscumque
779 4389 891 4468 causis,
926 4389 996 4468 viis,
1027 4389 1133 4452 modis
1168 4404 1199 4452 et
1233 4391 1414 4453 racionibus
1449 4405 1677 4452 concernerent

413 4493 624 4573 Maiestatem,
649 4494 746 4556 simul
771 4515 844 4557 cum
869 4496 992 4558 cunctis
1015 4496 1081 4558 suis
1109 4496 1300 4558 utilitatibus
1323 4509 1354 4558 et
1378 4495 1583 4579 pertinenciis
1606 4496 1674 4578 qui·

412 4599 553 4662 buslibet
575 4615 755 4663 memorato
779 4602 921 4684 capitulo
946 4602 1029 4664 dicte
1066 4603 1198 4665 ecclesie
1234 4603 1448 4684 zagrabiensis
1484 4603 1517 4663 in
1552 4616 1584 4664 et
1617 4621 1674 4684 pro

413 4719 567 4788 perpetua
584 4706 760 4769 elemosina
777 4707 937 4788 dedimus,
954 4709 1146 4771 donavimus
1164 4723 1195 4770 et
1210 4709 1416 4788 contulimus,
1433 4708 1534 4770 immo
1551 4707 1675 4786 damus,

415 4810 574 4873 donamus
607 4827 638 4876 et
669 4811 866 4876 conferimus
897 4813 964 4896 jure
996 4827 1152 4898 perpetuo
1187 4829 1218 4876 et
1249 4813 1500 4877 irrevocabiliter
1534 4812 1674 4892 tenendi,

411 4917 598 5001 possidendi
622 4919 741 5002 pariter
765 4933 795 4981 et
819 4919 969 5000 habendi,
993 4921 1081 4984 salvo
1105 4920 1175 5004 jure
1198 4921 1316 4984 alieno.
1346 4921 1470 4982 Harum
1494 4932 1674 4982 nostrarum
