3732 5802
616 525 689 582 Dae.
717 519 787 584 118.
812 557 854 566 -—
879 525 933 584 An.
956 535 1041 598 1515.
1403 543 1454 602 ¹4¹

196 762 341 830 presente
382 749 519 811 Michael
559 750 598 811 de
636 750 856 834 Schytarieuo,
892 766 946 812 aut
982 750 1142 831 Georgius
1177 750 1215 811 de
1251 750 1375 830 eadem,
1410 752 1460 813 vel

197 854 356 916 lohannes
380 854 535 916 litteratus
559 855 598 916 de
623 855 844 918 Chernlrowcz
869 877 925 919 seu
949 855 1028 917 alter
1053 856 1216 918 lohannes
1240 856 1402 939 Saranych
1421 856 1461 919 de

199 961 379 1042 Koznycza,
404 980 460 1022 seu
492 961 628 1023 Michael
662 961 701 1022 de
727 962 885 1040 Marencz,
910 963 976 1023 sive
1003 961 1125 1043 Gaspar
1150 962 1357 1045 Kyssewych,
1382 983 1461 1024 neve

199 1065 358 1148 Georgius
383 1053 599 1150 Berizlawych
625 1067 664 1129 de
689 1068 756 1150 Kys
780 1067 896 1147 miska,
913 1087 994 1130 neve
1018 1067 1179 1129 lohannes
1198 1067 1397 1151 Dragossych
1422 1069 1461 1129 de

199 1173 403 1252 Brezovicza,
428 1193 501 1234 nam
536 1171 680 1235 Andreas
711 1173 854 1235 literatus
883 1174 921 1235 de
951 1173 1113 1252 Marocha,
1137 1194 1278 1256 namque
1302 1175 1463 1236 Johannes

198 1278 424 1361 Balthasarych
457 1278 497 1341 de
522 1277 718 1362 Glawnycza
750 1292 805 1340 aut
829 1280 940 1340 Petrus
964 1279 1110 1362 lmprych
1133 1280 1171 1340 de
1197 1279 1368 1359 Jamnicza,
1393 1281 1464 1342 aliis

198 1386 383 1446 absentibus
406 1385 505 1446 homo
529 1399 635 1446 noster
658 1387 699 1446 ad
717 1383 812 1447 facies
829 1386 1075 1467 prescriptorum
1092 1385 1333 1468 possessionum
1349 1385 1462 1447 maiori

199 1491 317 1568 Mlaka,
350 1511 407 1551 nec
439 1511 504 1552 non
535 1490 632 1552 Plezo
663 1504 694 1552 et
726 1491 834 1552 Kooth
865 1491 897 1556 in
929 1491 1136 1573 Rakytowcz,
1168 1505 1464 1572 consequenterque

198 1596 429 1658 antedictarum
454 1597 645 1678 porcionum
669 1597 991 1680 possessionariarum
1015 1595 1128 1678 prelati
1147 1596 1312 1659 Michaelis
1328 1599 1463 1680 preben-

200 1702 280 1763 darii
315 1703 347 1764 in
376 1702 495 1764 eisdem
530 1703 721 1781 habitarum,
745 1703 858 1764 vicinis
887 1715 918 1764 et
941 1703 1171 1764 commetaneis
1195 1703 1369 1764 earundem
1394 1703 1464 1764 uni·

199 1809 297 1870 versis
319 1809 397 1870 inibi
422 1809 577 1890 legittime
599 1809 781 1871 convocatis
802 1823 832 1871 et
851 1810 1052 1892 presentibus
1073 1811 1268 1890 accedentes,
1286 1810 1466 1872 introducat

200 1914 360 1996 prelatum
384 1915 570 1996 magistrum
594 1915 770 1997 Georgium
797 1916 828 1977 in
856 1916 1035 1978 dominium
1059 1917 1232 1977 earundem
1250 1929 1281 1978 et
1297 1917 1371 1978 dicti
1389 1916 1466 1998 juris

200 2021 300 2082 nostri
337 2021 415 2102 regii
448 2021 479 2082 in
509 2021 629 2082 eisdem
663 2021 773 2100 habiti,
798 2033 978 2102 statuatque
1008 2021 1136 2083 easdem
1169 2037 1199 2083 et
1231 2021 1316 2084 idem
1344 2022 1465 2084 eisdem

201 2127 297 2188 simul
327 2146 400 2187 cum
425 2127 546 2188 cunctis
570 2127 744 2188 earundem
767 2127 958 2188 utilitatibus
982 2141 1013 2189 et
1036 2127 1243 2210 pertinenciis
1270 2128 1467 2209 quibuslibet

201 2233 355 2314 premisse
389 2245 495 2294 nostre
527 2233 716 2295 donacionis
739 2233 834 2295 titulo
860 2233 935 2315 ipsis
959 2235 1163 2295 incumbente
1187 2248 1343 2316 perpetuo
1366 2234 1467 2317 possi·

202 2339 334 2416 dendas,
350 2339 375 2400 si
393 2359 456 2401 non
476 2339 571 2402 luerit
591 2341 835 2420 contradictum,
852 2341 1101 2402 contradictores
1117 2361 1205 2420 ver0,
1222 2342 1247 2402 si
1266 2343 1321 2422 qui
1338 2340 1467 2420 luerint,

202 2458 313 2506 evocet
335 2446 464 2506 eosdem
487 2461 596 2508 contra
617 2459 804 2508 annotatum
828 2447 1014 2527 magistrum
1036 2446 1214 2528 Georgium
1237 2447 1277 2508 ad
1293 2448 1466 2509 terminum

203 2565 439 2632 competentem
461 2567 603 2614 nostram
619 2553 820 2634 personalem
838 2553 870 2613 in
887 2553 1096 2635 presenciam,
1113 2553 1274 2614 racionem
1292 2553 1468 2614 contradic-

203 2658 305 2718 cionis
326 2658 514 2720 eorumdem
536 2659 726 2736 reddituros,
744 2673 774 2719 et
794 2673 865 2740 post
886 2657 949 2741 hec
965 2659 1150 2720 huiusmodi
1171 2659 1422 2722 introductionis
1438 2673 1469 2720 et

204 2764 391 2824 statutionis
416 2765 530 2825 seriem
551 2785 623 2826 cum
645 2765 926 2843 contradictorum,
948 2765 972 2824 si
995 2765 1049 2846 qui
1074 2763 1201 2844 luerint,
1223 2765 1469 2846 vicinorumque

205 2883 235 2930 et
267 2884 575 2948 commetaneorum,
600 2871 654 2951 qui
687 2871 838 2952 premisse
867 2870 1036 2931 statucioni
1063 2871 1249 2950 intererunt,
1273 2871 1469 2949 nominibus,

204 2977 408 3056 terminoque
444 2977 614 3056 assignato,
647 2991 681 3037 ut
716 2977 810 3037 fuerit
841 2976 1024 3058 expediens,
1057 2976 1140 3038 dicte
1172 2990 1277 3038 nostre
1309 2977 1467 3058 personali

207 3082 368 3162 presencie
404 3080 541 3143 fideliter
575 3083 762 3144 rescribatis.
803 3081 920 3143 Datum
956 3082 1046 3142 Bude
1080 3079 1158 3143 leria
1194 3082 1290 3143 tercia
1325 3083 1469 3165 proxima

206 3201 277 3268 post
311 3186 425 3248 festum
459 3188 683 3269 concepcionis
716 3188 896 3249 beatissime
930 3189 1027 3248 Marie
1060 3187 1201 3268 virginis.
1227 3191 1322 3248 Anno
1347 3187 1469 3248 domini

207 3293 380 3354 millesimo
405 3293 662 3374 quingentesimo
687 3293 813 3354 decimo
831 3293 955 3374 quinto.
975 3294 1161 3373 Regnorum
1179 3305 1359 3356 nostrorum
1380 3293 1470 3354 Hun-

207 3401 293 3478 garie
328 3413 386 3460 etc.
411 3418 496 3460 anno
524 3399 680 3480 vigesimo
703 3413 801 3477 sexto,
826 3399 981 3460 Bohemie
1005 3419 1080 3460 vero
1104 3399 1350 3478 quadragesimo
1374 3412 1471 3459 sexto.

313 3540 334 3588 E
354 3553 455 3590 coaevo
475 3547 641 3604 transumpto
661 3540 686 3590 ln
706 3541 803 3592 charta.
827 3539 854 3589 lu
875 3539 972 3589 archiv.
992 3553 1050 3588 ven.
1071 3538 1156 3601 Capit.
1175 3539 1231 3591 Act.
1254 3539 1316 3602 Cap.
1337 3543 1389 3590 ant.
1409 3538 1472 3588 lasc.

210 3629 251 3679 70.
270 3643 307 3679 nr.
330 3626 370 3679 15.

804 3841 880 3904 118.

316 3981 390 4032 Anno
414 3981 487 4046 1515,
512 3983 549 4034 11,
570 3981 725 4032 decembris.
745 3979 881 4045 Strigonil.

212 4111 239 4168 Α
266 4110 387 4184 Thoana,
413 4109 622 4182 archiepiscopo
648 4108 847 4182 Strtgonicnri,
871 4108 964 4180 legata
987 4108 1147 4179 apostolica,
1171 4124 1265 4162 anates
1284 4105 1476 4178 fundationes

214 4220 244 4274 in
275 4235 358 4274 usum
390 4217 496 4272 altaris
527 4234 563 4276 ss.
596 4217 747 4272 Trinitatis
774 4217 804 4271 in
828 4216 941 4271 ecclesia
964 4213 1089 4272 cathedr.
1113 4214 1229 4285 ingrad.
1254 4213 1382 4268 conditae
1405 4229 1475 4267 carn-

757 4321 928 4393 probantur.

319 4457 465 4520 Thomas
493 4458 696 4518 miseratione
725 4457 832 4517 divina
857 4457 939 4517 tituli
965 4457 1064 4518 sancti
1090 4454 1217 4516 Martini
1244 4453 1274 4514 in
1302 4453 1476 4530 Montibus,
1526 4502 1527 4506 ,

214 4581 411 4626 sacrosancte
445 4585 575 4624 romano
608 4564 740 4624 ecclesie
772 4564 925 4643 presbiter
956 4561 1135 4640 cardinalis,
1161 4561 1397 4642 Strigoniensis,
1423 4579 1476 4641 pa-

213 4671 348 4732 triarcha
368 4670 755 4751 Constantinopolitanus,
773 4670 812 4729 ad
835 4669 1010 4750 Hungarie,
1028 4667 1194 4745 Bohemie,
1211 4666 1356 4744 Polonie,
1375 4666 1477 4743 Datie,

217 4778 324 4839 Suetie
357 4793 387 4838 et
420 4777 579 4856 Norvcgie
612 4794 719 4856 regna,
744 4795 801 4836 nec
826 4795 890 4835 non
916 4775 1086 4853 Prussiam,
1112 4773 1270 4850 Russiam,
1296 4771 1476 4846 Liuoniam,

218 4883 432 4962 Lithuaniam,
463 4881 661 4960 Valachiam,
693 4881 837 4957 Slesiam,
871 4880 1045 4959 Lusatiam,
1079 4879 1269 4955 Morauiam,
1294 4877 1478 4939 Transilva·

217 4989 313 5068 niam,
339 4988 556 5065 Sclauoniam,
581 4987 786 5066 Dalmatiam,
810 4987 973 5048 Croatiam
1005 5001 1036 5048 et
1068 4986 1277 5060 Moscouiam‚
1302 5001 1478 5062 omnesque
