3808 5792
440 557 503 618 244
867 529 938 598 Dec.
963 552 1029 614 195.
1063 574 1095 582 -
1123 531 1177 601 An.
1204 549 1293 615 1525.

440 769 613 849 paruerint,
637 769 718 829 bene
744 768 888 849 quidem,
912 768 991 829 alias
1015 769 1166 830 volumus
1190 781 1221 830 et
1245 769 1336 829 vobis
1367 767 1482 830 harum
1510 770 1593 832 serie
1625 771 1711 832 stric-

439 875 561 936 tissime
584 874 796 956 precipientes
821 873 1023 952 mandamus,
1047 887 1205 956 quatenus
1229 873 1335 935 eidem
1368 875 1492 936 homini
1521 876 1621 958 ipsius
1643 876 1709 938 the·

441 981 575 1040 zaurarii
610 981 721 1058 nostri,
745 980 822 1040 dum
859 981 1001 1061 requisiti
1028 978 1150 1041 fueritis
1173 999 1230 1061 per
1253 980 1404 1059 eundem,
1434 982 1466 1041 in
1491 983 1706 1063 occupacione

440 1085 581 1168 predicte
605 1085 763 1146 tricesime
788 1099 894 1147 nostre
918 1099 949 1147 et
974 1085 1120 1146 filialiurn
1153 1086 1298 1146 eiusdem
1334 1099 1364 1146 et
1387 1087 1551 1148 ereccione
1584 1086 1707 1148 moder-

441 1211 556 1253 norum
581 1192 848 1253 tricesimatorum
873 1191 1016 1252 eiusdem
1041 1191 1130 1252 omni
1156 1192 1291 1252 consilio
1317 1205 1347 1252 et
1370 1192 1491 1253 auxilio
1515 1192 1625 1254 adesse
1644 1212 1710 1254 mo·

441 1298 491 1358 dis
515 1298 667 1358 omnibus
690 1298 834 1359 debeatis
858 1311 889 1359 et
911 1298 1085 1359 teneamini
1118 1297 1312 1359 authoritate
1341 1313 1447 1359 nostra
1473 1299 1560 1380 regia
1583 1319 1709 1380 presen-

441 1404 527 1464 tibus
551 1405 642 1464 vobis
667 1405 698 1464 in
724 1403 782 1466 bac
806 1417 894 1485 parte
919 1423 1069 1465 concessa
1096 1403 1267 1464 mediante.
1293 1403 1458 1465 Presentes
1490 1404 1635 1486 poteritis
1657 1425 1707 1466 su·

442 1509 575 1590 perinde
600 1529 657 1591 pro
681 1523 783 1570 vestra
808 1510 943 1570 retinere
967 1509 1188 1590 expedicione.
1213 1508 1332 1570 Datum
1367 1509 1457 1571 Bude
1493 1507 1572 1571 leria
1596 1510 1706 1591 quinta

443 1613 587 1694 proxima
612 1628 684 1696 post
708 1612 823 1674 festum
848 1614 931 1675 beati
957 1613 1047 1676 Pauli
1073 1613 1167 1695 primi
1193 1613 1358 1674 heremite.
1376 1619 1472 1675 Anno
1490 1613 1615 1676 domiui
1640 1615 1710 1676 mil-

443 1719 558 1780 lesimo
582 1719 843 1801 quingentesimo
866 1719 1024 1802 vigesimo
1049 1720 1174 1800 quinto.

550 1858 687 1924 Originale
707 1861 732 1910 in
751 1861 849 1912 charta.
869 1859 896 1910 ln
916 1861 1033 1924 margine
1048 1859 1166 1911 inletiori
1187 1859 1344 1923 impressum
1358 1865 1399 1910 est
1410 1860 1535 1925 sigillum.
1547 1856 1578 1910 In
1591 1859 1711 1911 archivio

443 1947 489 2000 lib.
509 1963 565 2014 reg.
587 1949 636 2001 civ.
657 1945 763 2014 zagrab.

1034 2229 1115 2294 195.

549 2388 623 2439 llnno
645 2387 719 2440 152⁵.
742 2389 781 2438 16.
801 2387 902 2451 aprilis.
922 2385 1081 2453 Zagrabiae.

446 2531 557 2602 Simon,
579 2534 723 2606 epscopus
753 2532 871 2604 zagrab.
896 2551 1005 2588 annum
1028 2533 1137 2606 jubilei
1165 2531 1333 2606 zagrabiae
1354 2533 1470 2590 civitati
1489 2539 1518 2590 ct
1537 2535 1715 2606 episcopatus

1007 2635 1152 2711 divulgat.

554 2778 666 2840 Simon
692 2777 742 2838 dei
768 2789 799 2838 et
829 2776 1004 2858 apostolice
1035 2776 1119 2837 sedis
1149 2776 1257 2858 gracia
1291 2776 1461 2858 episcopus
1494 2777 1628 2839 ecclesie
1664 2799 1715 2839 za-

445 2883 632 2966 grabiensis.
658 2883 823 2946 Universis
847 2895 878 2944 et
901 2883 1036 2964 singulis
1068 2881 1261 2960 reverendis,
1294 2882 1452 2964 religiosis
1485 2897 1516 2944 et
1547 2884 1716 2945 venerabi-

447 2992 532 3053 libus
556 2990 712 3051 dominis:
736 2989 918 3071 prepositis,
942 2989 1121 3065 abbatibus,
1154 2989 1325 3069 prioribus,
1358 2988 1495 3067 vicariis,
1518 2990 1714 3070 gvardianis,

344 3129 345 3132 ¹
447 3095 690 3174 archidiaconis,
714 3095 860 3176 plebanis
884 3109 1050 3156 eteorum
1073 3094 1157 3155 vices
1181 3094 1377 3175 gerentibus,
1409 3114 1445 3155 ac
1478 3095 1550 3156 aliis
1582 3097 1716 3176 quibus-

448 3203 527 3264 libet
550 3215 614 3263 tam
637 3201 795 3281 religiosis
819 3221 916 3282 quam
940 3199 1136 3261 secularibus
1161 3200 1305 3281 personis
1329 3201 1518 3281 ubicunque
1536 3201 1618 3262 intra
1637 3201 1717 3262 fines

448 3307 604 3369 dioecesis
628 3320 734 3368 nostre
757 3305 972 3387 zagrabiensis
995 3305 1175 3367 constitutis
1199 3319 1230 3367 et
1253 3305 1527 3367 commorantibus
1551 3322 1717 3388 presentes

448 3413 573 3491 visuris,
597 3413 735 3490 lecturis,
762 3425 797 3473 et
820 3412 884 3492 legi
908 3411 1074 3490 audituris,
1098 3411 1234 3472 salutem
1249 3411 1279 3472 in
1307 3411 1441 3473 domino
1475 3411 1716 3493 sempiternam,

449 3519 629 3599 nostrisque
653 3519 754 3580 immo
777 3518 883 3578 verius
906 3517 1091 3598 apostolicis
1115 3530 1146 3578 et
1170 3517 1237 3578 eius
1263 3517 1302 3578 de
1326 3516 1425 3580 latere
1447 3517 1543 3598 legati
1576 3516 1714 3578 obedire

450 3625 617 3686 mandatis.
642 3623 812 3700 Noveritis,
833 3642 892 3684 nos
915 3623 1073 3705 preteritis
1097 3622 1210 3683 diebus
1242 3623 1282 3684 de
1312 3623 1464 3684 mandato
1496 3635 1527 3683 et
1550 3622 1717 3684 voluntate

449 3729 641 3791 serenissimi
666 3728 789 3790 domini
818 3729 928 3807 nostri,
953 3728 1075 3789 domini
1110 3727 1268 3789 Ludouici
1299 3728 1465 3809 Hungarie
1497 3741 1527 3788 et
1559 3727 1716 3789 Bohemie

450 3850 509 3898 etc.
534 3835 627 3916 regis,
651 3834 774 3896 domini
800 3835 898 3895 nostri
934 3834 1172 3915 graciosissimi‚
1197 3854 1253 3916 per
1289 3847 1390 3895 totam
1426 3833 1507 3894 banc
1541 3833 1717 3895 dioecesim

450 3955 591 4004 nostram
625 3940 864 4020 zagrabiensem
889 3959 1010 4001 annum
1035 3939 1145 4020 jubilei
1170 3940 1209 4000 ad
1231 3959 1366 4021 regnum
1399 3939 1565 4021 Hungarie
1598 3953 1630 4001 et
1660 3937 1716 4000 has

450 4061 555 4130 partes
579 4045 667 4126 regni
692 4045 883 4107 Sclauoniae
909 4065 926 4106 a
950 4046 1025 4107 sede
1049 4045 1225 4126 apostolica
1250 4044 1460 4106 annuendum
1484 4057 1515 4106 et
1531 4045 1711 4107 conceden-

451 4154 528 4214 dum
554 4151 660 4230 luisse,
684 4151 881 4233 promulgari
899 4150 1027 4227 lecisse;
1052 4151 1275 4231 cuiusquidem
1300 4151 1375 4212 anni
1399 4149 1509 4232 jubilei
1533 4150 1714 4230 graciosum

451 4258 691 4320 concessionem
715 4269 746 4319 et
771 4257 933 4318 indultum
958 4269 1023 4318 tarn
1048 4277 1064 4316 a
1090 4256 1176 4337 regia
1203 4256 1366 4318 Maiestate
1391 4275 1488 4338 quatu
1512 4255 1620 4338 legato
1645 4275 1715 4338 pre-

452 4363 517 4426 lato
549 4365 649 4425 immo
684 4362 771 4424 illius
803 4383 914 4424 verum
946 4376 977 4423 et
1000 4361 1216 4423 indubitatum
1251 4374 1488 4444 transumptum
1521 4362 1716 4443 accepimus,

450 4482 645 4552 quapropter
669 4468 761 4529 vobis
783 4469 940 4530 universis
956 4481 987 4529 et
1002 4468 1137 4548 singulis
1165 4467 1307 4529 dominis
1322 4467 1512 4550 supradictis
1536 4467 1568 4527 in
1599 4467 1715 4528 virtute

452 4575 599 4636 salutaris
633 4575 821 4636 obediencie
856 4587 887 4636 et
921 4576 980 4636 sub
1016 4594 1098 4657 pena
1133 4573 1480 4636 excommunicacionis
1511 4572 1716 4648 mandamus,

453 4693 610 4761 quatenus
633 4680 769 4762 acceptis
792 4681 1003 4762 presentibus,
1028 4699 1063 4742 ac
1087 4679 1165 4741 dum
1199 4693 1230 4740 et
1254 4679 1384 4761 quando
1416 4698 1488 4740 cum
1513 4679 1716 4760 presentibus

453 4785 575 4846 fueritis
599 4785 743 4866 requisiti
767 4787 818 4847 vel
842 4786 921 4847 alter
947 4799 1087 4847 vestrum
1111 4783 1207 4847 luerit
1239 4785 1411 4866 requisitus
1442 4785 1474 4845 in
1509 4783 1653 4846 ecclesiis
1685 4796 1717 4844 et

452 4891 652 4952 monasteriis
664 4911 700 4952 ac
713 4891 1023 4954 archidiaconatibus
1036 4892 1147 4954 vestris
1163 4893 1261 4953 verbo
1277 4891 1329 4952 vel
1345 4889 1458 4952 litteris
1471 4909 1580 4951 coram
1598 4889 1712 4971 populi

455 4996 660 5057 multitudine
683 4997 869 5060 huiusmodi
892 4999 1068 5079 graciosam
1090 4999 1331 5060 concessionem
1354 4995 1429 5057 anni
1460 4995 1573 5078 jubilei
1598 4995 1630 5055 in
1656 4994 1715 5054 hoc
