<?xml version="1.0" encoding="UTF-8"?>
<!DOCTYPE html PUBLIC "-//W3C//DTD XHTML 1.0 Transitional//EN"
    "http://www.w3.org/TR/xhtml1/DTD/xhtml1-transitional.dtd">
<html xmlns="http://www.w3.org/1999/xhtml" xml:lang="en" lang="en">
 <head>
  <title>
</title>
<meta http-equiv="Content-Type" content="text/html;charset=utf-8" />
  <meta name='ocr-system' content='tesseract 3.04.00' />
  <meta name='ocr-capabilities' content='ocr_page ocr_carea ocr_par ocr_line ocrx_word'/>
</head>
<body>
  <div class='ocr_page' id='page_1' title='image "./monumentahistor16laszgoog_0270.png"; bbox 0 0 3732 5802; ppageno 0'>
   <div class='ocr_carea' id='block_1_1' title="bbox 436 584 1271 662">
    <p class='ocr_par' dir='ltr' id='par_1_1' title="bbox 436 584 1271 662">
     <span class='ocr_line' id='line_1_1' title="bbox 436 584 1271 662; baseline 0.001 -20"><span class='ocrx_word' id='word_1_1' title='bbox 436 599 495 662; x_wconf 87' lang='lat'>134</span> <span class='ocrx_word' id='word_1_2' title='bbox 854 584 925 642; x_wconf 80' lang='lat' dir='ltr'>Dec.</span> <span class='ocrx_word' id='word_1_3' title='bbox 950 597 1016 660; x_wconf 69' lang='grc'><em>114.</em></span> <span class='ocrx_word' id='word_1_4' title='bbox 1039 617 1081 626; x_wconf 95' lang='grc'><strong>-</strong></span> <span class='ocrx_word' id='word_1_5' title='bbox 1104 584 1162 643; x_wconf 81' lang='lat' dir='ltr'>An.</span> <span class='ocrx_word' id='word_1_6' title='bbox 1187 597 1271 659; x_wconf 78' lang='lat'><em>1515.</em></span> 
     </span>
    </p>
   </div>
   <div class='ocr_carea' id='block_1_2' title="bbox 819 688 1690 699">
    <p class='ocr_par' dir='ltr' id='par_1_2' title="bbox 819 688 1690 699">
     <span class='ocr_line' id='line_1_2' title="bbox 819 688 1690 699; baseline 0.008 -6"><span class='ocrx_word' id='word_1_7' title='bbox 819 689 920 694; x_wconf 80' lang='grc'>-..--</span> <span class='ocrx_word' id='word_1_8' title='bbox 933 688 1305 698; x_wconf 74' lang='grc'><em>..--.,--,--.-</em></span> <span class='ocrx_word' id='word_1_9' title='bbox 1315 692 1443 698; x_wconf 75' lang='lat'><em>——.—</em></span> <span class='ocrx_word' id='word_1_10' title='bbox 1455 693 1690 699; x_wconf 74' lang='lat'>-.—.—..——</span> 
     </span>
    </p>
   </div>
   <div class='ocr_carea' id='block_1_3' title="bbox 430 810 1700 2693">
    <p class='ocr_par' dir='ltr' id='par_1_3' title="bbox 430 810 1700 2693">
     <span class='ocr_line' id='line_1_3' title="bbox 431 810 1695 892; baseline 0.002 -20"><span class='ocrx_word' id='word_1_11' title='bbox 431 810 472 872; x_wconf 91' lang='lat' dir='ltr'>ad</span> <span class='ocrx_word' id='word_1_12' title='bbox 505 823 646 872; x_wconf 89' lang='lat' dir='ltr'>nostram</span> <span class='ocrx_word' id='word_1_13' title='bbox 679 825 735 872; x_wconf 89' lang='lat' dir='ltr'>aut</span> <span class='ocrx_word' id='word_1_14' title='bbox 769 831 986 874; x_wconf 88' lang='lat' dir='ltr'>successorum</span> <span class='ocrx_word' id='word_1_15' title='bbox 1017 825 1200 873; x_wconf 87' lang='lat' dir='ltr'>nostrorum</span> <span class='ocrx_word' id='word_1_16' title='bbox 1233 811 1444 873; x_wconf 85' lang='lat' dir='ltr'>devolventur</span> <span class='ocrx_word' id='word_1_17' title='bbox 1471 815 1695 892; x_wconf 87' lang='lat' dir='ltr'>collacionem,</span> 
     </span>
     <span class='ocr_line' id='line_1_4' title="bbox 430 917 1695 1000; baseline 0.002 -22"><span class='ocrx_word' id='word_1_18' title='bbox 430 931 584 998; x_wconf 87' lang='lat' dir='ltr'>tanquam</span> <span class='ocrx_word' id='word_1_19' title='bbox 624 917 664 978; x_wconf 86' lang='lat' dir='ltr'>ad</span> <span class='ocrx_word' id='word_1_20' title='bbox 701 937 803 998; x_wconf 90' lang='lat' dir='ltr'>veros,</span> <span class='ocrx_word' id='word_1_21' title='bbox 837 919 1012 1000; x_wconf 83' lang='lat' dir='ltr'>legittimos</span> <span class='ocrx_word' id='word_1_22' title='bbox 1047 932 1078 979; x_wconf 92' lang='lat' dir='ltr'>et</span> <span class='ocrx_word' id='word_1_23' title='bbox 1112 917 1308 980; x_wconf 88' lang='lat' dir='ltr'>indubitatos</span> <span class='ocrx_word' id='word_1_24' title='bbox 1343 919 1630 1000; x_wconf 89' lang='lat' dir='ltr'>prebendariorum</span> <span class='ocrx_word' id='word_1_25' title='bbox 1664 932 1695 981; x_wconf 90' lang='lat' dir='ltr'>et</span> 
     </span>
     <span class='ocr_line' id='line_1_5' title="bbox 432 1023 1696 1107; baseline 0.002 -23"><span class='ocrx_word' id='word_1_26' title='bbox 432 1037 592 1084; x_wconf 89' lang='lat' dir='ltr'>rectorum</span> <span class='ocrx_word' id='word_1_27' title='bbox 623 1023 771 1085; x_wconf 90' lang='lat' dir='ltr'>altarium</span> <span class='ocrx_word' id='word_1_28' title='bbox 802 1024 953 1086; x_wconf 89' lang='lat' dir='ltr'>dominos</span> <span class='ocrx_word' id='word_1_29' title='bbox 986 1039 1017 1086; x_wconf 94' lang='lat' dir='ltr'>et</span> <span class='ocrx_word' id='word_1_30' title='bbox 1048 1039 1209 1107; x_wconf 87' lang='lat' dir='ltr'>patronos.</span> <span class='ocrx_word' id='word_1_31' title='bbox 1234 1025 1274 1085; x_wconf 88' lang='lat' dir='ltr'>Et</span> <span class='ocrx_word' id='word_1_32' title='bbox 1300 1024 1376 1106; x_wconf 89' lang='lat' dir='ltr'>quia</span> <span class='ocrx_word' id='word_1_33' title='bbox 1399 1025 1536 1086; x_wconf 84' lang='lat' dir='ltr'>racionis</span> <span class='ocrx_word' id='word_1_34' title='bbox 1559 1025 1640 1086; x_wconf 91' lang='lat' dir='ltr'>ordo</span> <span class='ocrx_word' id='word_1_35' title='bbox 1664 1038 1696 1086; x_wconf 91' lang='lat' dir='ltr'>et</span> 
     </span>
     <span class='ocr_line' id='line_1_6' title="bbox 432 1130 1697 1212; baseline 0.002 -22"><span class='ocrx_word' id='word_1_36' title='bbox 432 1130 595 1211; x_wconf 77' lang='lat' dir='ltr'>dignitatis</span> <span class='ocrx_word' id='word_1_37' title='bbox 625 1143 723 1191; x_wconf 90' lang='lat' dir='ltr'>status</span> <span class='ocrx_word' id='word_1_38' title='bbox 751 1131 848 1212; x_wconf 82' lang='lat' dir='ltr'>exigit</span> <span class='ocrx_word' id='word_1_39' title='bbox 879 1145 910 1192; x_wconf 94' lang='lat' dir='ltr'>et</span> <span class='ocrx_word' id='word_1_40' title='bbox 940 1131 1083 1212; x_wconf 83' lang='lat' dir='ltr'>requirit,</span> <span class='ocrx_word' id='word_1_41' title='bbox 1114 1150 1155 1192; x_wconf 91' lang='lat' dir='ltr'>ne</span> <span class='ocrx_word' id='word_1_42' title='bbox 1187 1130 1311 1192; x_wconf 89' lang='lat' dir='ltr'>domini</span> <span class='ocrx_word' id='word_1_43' title='bbox 1344 1131 1487 1192; x_wconf 86' lang='lat' dir='ltr'>canonici</span> <span class='ocrx_word' id='word_1_44' title='bbox 1524 1151 1597 1193; x_wconf 91' lang='lat' dir='ltr'>cum</span> <span class='ocrx_word' id='word_1_45' title='bbox 1630 1131 1697 1192; x_wconf 90' lang='lat' dir='ltr'>suis</span> 
     </span>
     <span class='ocr_line' id='line_1_7' title="bbox 433 1219 1699 1319; baseline 0.002 -23"><span class='ocrx_word' id='word_1_46' title='bbox 433 1235 606 1318; x_wconf 88' lang='lat' dir='ltr'>capellanis</span> <span class='ocrx_word' id='word_1_47' title='bbox 644 1236 793 1298; x_wconf 92' lang='lat' dir='ltr'>videlicet</span> <span class='ocrx_word' id='word_1_48' title='bbox 830 1237 1050 1319; x_wconf 80' lang='lat' dir='ltr'>prebendariis</span> <span class='ocrx_word' id='word_1_49' title='bbox 1088 1237 1226 1299; x_wconf 85' lang='lat' dir='ltr'>habeant</span> <span class='ocrx_word' id='word_1_50' title='bbox 1261 1238 1463 1316; x_wconf 88' lang='lat' dir='ltr'>commercia,</span> <span class='ocrx_word' id='word_1_51' title='bbox 1487 1219 1614 1318; x_wconf 25' lang='lat' dir='ltr'>eisque·</span> <span class='ocrx_word' id='word_1_52' title='bbox 1633 1237 1699 1298; x_wconf 89' lang='lat' dir='ltr'>sint</span> 
     </span>
     <span class='ocr_line' id='line_1_8' title="bbox 432 1341 1698 1421; baseline -0.001 -17"><span class='ocrx_word' id='word_1_53' title='bbox 432 1342 591 1404; x_wconf 86' lang='lat' dir='ltr'>societatis</span> <span class='ocrx_word' id='word_1_54' title='bbox 622 1355 653 1403; x_wconf 87' lang='lat' dir='ltr'>et</span> <span class='ocrx_word' id='word_1_55' title='bbox 686 1341 846 1404; x_wconf 88' lang='lat' dir='ltr'>fidelitatis</span> <span class='ocrx_word' id='word_1_56' title='bbox 864 1344 1006 1420; x_wconf 73' lang='lat' dir='ltr'>⁸vinculo</span> <span class='ocrx_word' id='word_1_57' title='bbox 1037 1343 1166 1421; x_wconf 82' lang='lat' dir='ltr'>astricti,</span> <span class='ocrx_word' id='word_1_58' title='bbox 1191 1343 1358 1404; x_wconf 88' lang='lat' dir='ltr'>statuimus</span> <span class='ocrx_word' id='word_1_59' title='bbox 1386 1343 1532 1404; x_wconf 90' lang='lat' dir='ltr'>similiter</span> <span class='ocrx_word' id='word_1_60' title='bbox 1554 1355 1586 1404; x_wconf 90' lang='lat' dir='ltr'>et</span> <span class='ocrx_word' id='word_1_61' title='bbox 1609 1342 1698 1404; x_wconf 92' lang='lat' dir='ltr'>ordi·</span> 
     </span>
     <span class='ocr_line' id='line_1_9' title="bbox 433 1447 1696 1530; baseline -0.001 -21"><span class='ocrx_word' id='word_1_62' title='bbox 433 1468 556 1526; x_wconf 90' lang='lat' dir='ltr'>namus,</span> <span class='ocrx_word' id='word_1_63' title='bbox 580 1467 620 1508; x_wconf 91' lang='lat' dir='ltr'>ne</span> <span class='ocrx_word' id='word_1_64' title='bbox 644 1447 799 1530; x_wconf 87' lang='lat' dir='ltr'>prefatam</span> <span class='ocrx_word' id='word_1_65' title='bbox 823 1449 958 1510; x_wconf 90' lang='lat' dir='ltr'>domum</span> <span class='ocrx_word' id='word_1_66' title='bbox 982 1447 1210 1530; x_wconf 89' lang='lat' dir='ltr'>prebendalem</span> <span class='ocrx_word' id='word_1_67' title='bbox 1234 1461 1402 1526; x_wconf 85' lang='lat' dir='ltr'>muratam,</span> <span class='ocrx_word' id='word_1_68' title='bbox 1422 1447 1486 1528; x_wconf 88' lang='lat' dir='ltr'>jam</span> <span class='ocrx_word' id='word_1_69' title='bbox 1511 1449 1581 1530; x_wconf 90' lang='lat' dir='ltr'>ipso</span> <span class='ocrx_word' id='word_1_70' title='bbox 1603 1449 1696 1510; x_wconf 86' lang='lat' dir='ltr'>altari</span> 
     </span>
     <span class='ocr_line' id='line_1_10' title="bbox 432 1554 1694 1637; baseline -0.001 -21"><span class='ocrx_word' id='word_1_71' title='bbox 432 1568 537 1617; x_wconf 86' lang='lat' dir='ltr'>sancte</span> <span class='ocrx_word' id='word_1_72' title='bbox 571 1554 739 1616; x_wconf 88' lang='lat' dir='ltr'>Trinitatis</span> <span class='ocrx_word' id='word_1_73' title='bbox 771 1556 866 1617; x_wconf 91' lang='lat' dir='ltr'>simul</span> <span class='ocrx_word' id='word_1_74' title='bbox 898 1575 971 1616; x_wconf 94' lang='lat' dir='ltr'>cum</span> <span class='ocrx_word' id='word_1_75' title='bbox 1003 1554 1164 1636; x_wconf 85' lang='lat' dir='ltr'>prebenda</span> <span class='ocrx_word' id='word_1_76' title='bbox 1196 1574 1252 1637; x_wconf 91' lang='lat' dir='ltr'>per</span> <span class='ocrx_word' id='word_1_77' title='bbox 1275 1573 1334 1615; x_wconf 90' lang='lat' dir='ltr'>nos</span> <span class='ocrx_word' id='word_1_78' title='bbox 1358 1567 1510 1636; x_wconf 85' lang='lat' dir='ltr'>perpetue</span> <span class='ocrx_word' id='word_1_79' title='bbox 1534 1575 1694 1616; x_wconf 82' lang='lat' dir='ltr'>annexam</span> 
     </span>
     <span class='ocr_line' id='line_1_11' title="bbox 433 1660 1698 1742; baseline -0.002 -20"><span class='ocrx_word' id='word_1_80' title='bbox 433 1673 464 1722; x_wconf 92' lang='lat' dir='ltr'>et</span> <span class='ocrx_word' id='word_1_81' title='bbox 498 1661 651 1722; x_wconf 88' lang='lat' dir='ltr'>canonice</span> <span class='ocrx_word' id='word_1_82' title='bbox 686 1662 819 1740; x_wconf 90' lang='lat' dir='ltr'>unitam,</span> <span class='ocrx_word' id='word_1_83' title='bbox 851 1661 967 1742; x_wconf 87' lang='lat' dir='ltr'>aliquis</span> <span class='ocrx_word' id='word_1_84' title='bbox 1003 1680 1040 1721; x_wconf 87' lang='lat' dir='ltr'>ex</span> <span class='ocrx_word' id='word_1_85' title='bbox 1077 1661 1239 1721; x_wconf 90' lang='lat' dir='ltr'>canonicis</span> <span class='ocrx_word' id='word_1_86' title='bbox 1269 1674 1324 1721; x_wconf 91' lang='lat' dir='ltr'>aut</span> <span class='ocrx_word' id='word_1_87' title='bbox 1356 1661 1533 1742; x_wconf 81' lang='lat' dir='ltr'>dignitsriis</span> <span class='ocrx_word' id='word_1_88' title='bbox 1563 1660 1698 1722; x_wconf 85' lang='lat' dir='ltr'>ecclesie</span> 
     </span>
     <span class='ocr_line' id='line_1_12' title="bbox 433 1766 1699 1847; baseline 0.002 -21"><span class='ocrx_word' id='word_1_89' title='bbox 433 1779 540 1828; x_wconf 87' lang='lat' dir='ltr'>nostre</span> <span class='ocrx_word' id='word_1_90' title='bbox 565 1767 778 1846; x_wconf 87' lang='lat' dir='ltr'>zagrabiensis</span> <span class='ocrx_word' id='word_1_91' title='bbox 813 1780 867 1828; x_wconf 89' lang='lat' dir='ltr'>aut</span> <span class='ocrx_word' id='word_1_92' title='bbox 901 1766 1031 1827; x_wconf 87' lang='lat' dir='ltr'>alterius</span> <span class='ocrx_word' id='word_1_93' title='bbox 1066 1767 1295 1846; x_wconf 88' lang='lat' dir='ltr'>cuiuscumque</span> <span class='ocrx_word' id='word_1_94' title='bbox 1330 1767 1397 1827; x_wconf 92' lang='lat' dir='ltr'>sive</span> <span class='ocrx_word' id='word_1_95' title='bbox 1431 1767 1463 1827; x_wconf 94' lang='lat' dir='ltr'>in</span> <span class='ocrx_word' id='word_1_96' title='bbox 1499 1785 1599 1847; x_wconf 80' lang='lat' dir='ltr'>regno</span> <span class='ocrx_word' id='word_1_97' title='bbox 1630 1767 1699 1828; x_wconf 88' lang='lat' dir='ltr'>sive</span> 
     </span>
     <span class='ocr_line' id='line_1_13' title="bbox 435 1871 1700 1954; baseline 0 -22"><span class='ocrx_word' id='word_1_98' title='bbox 435 1885 520 1933; x_wconf 88' lang='lat' dir='ltr'>extra</span> <span class='ocrx_word' id='word_1_99' title='bbox 545 1891 678 1952; x_wconf 85' lang='lat' dir='ltr'>regnum</span> <span class='ocrx_word' id='word_1_100' title='bbox 702 1885 876 1954; x_wconf 87' lang='lat' dir='ltr'>acceptare,</span> <span class='ocrx_word' id='word_1_101' title='bbox 900 1872 1062 1954; x_wconf 89' lang='lat' dir='ltr'>possidere</span> <span class='ocrx_word' id='word_1_102' title='bbox 1086 1885 1140 1933; x_wconf 91' lang='lat' dir='ltr'>aut</span> <span class='ocrx_word' id='word_1_103' title='bbox 1164 1873 1233 1932; x_wconf 90' lang='lat' dir='ltr'>usui</span> <span class='ocrx_word' id='word_1_104' title='bbox 1260 1891 1319 1933; x_wconf 90' lang='lat' dir='ltr'>suo</span> <span class='ocrx_word' id='word_1_105' title='bbox 1343 1873 1457 1952; x_wconf 90' lang='lat' dir='ltr'>quovis</span> <span class='ocrx_word' id='word_1_106' title='bbox 1477 1871 1577 1932; x_wconf 88' lang='lat' dir='ltr'>modo</span> <span class='ocrx_word' id='word_1_107' title='bbox 1597 1872 1700 1953; x_wconf 85' lang='lat' dir='ltr'>possit</span> 
     </span>
     <span class='ocr_line' id='line_1_14' title="bbox 434 1977 1699 2059; baseline 0 -21"><span class='ocrx_word' id='word_1_108' title='bbox 434 1991 489 2039; x_wconf 93' lang='lat' dir='ltr'>aut</span> <span class='ocrx_word' id='word_1_109' title='bbox 520 1978 624 2038; x_wconf 86' lang='lat' dir='ltr'>valeat</span> <span class='ocrx_word' id='word_1_110' title='bbox 654 1997 811 2059; x_wconf 91' lang='lat' dir='ltr'>occupare</span> <span class='ocrx_word' id='word_1_111' title='bbox 833 1997 889 2059; x_wconf 92' lang='lat' dir='ltr'>per</span> <span class='ocrx_word' id='word_1_112' title='bbox 913 1977 1130 2058; x_wconf 88' lang='lat' dir='ltr'>cuiuscunque</span> <span class='ocrx_word' id='word_1_113' title='bbox 1156 1977 1370 2038; x_wconf 87' lang='lat' dir='ltr'>donacionem</span> <span class='ocrx_word' id='word_1_114' title='bbox 1393 1997 1450 2038; x_wconf 86' lang='lat' dir='ltr'>seu</span> <span class='ocrx_word' id='word_1_115' title='bbox 1473 1977 1699 2054; x_wconf 87' lang='lat' dir='ltr'>collacionem,</span> 
     </span>
     <span class='ocr_line' id='line_1_15' title="bbox 435 2082 1700 2165; baseline -0.001 -21"><span class='ocrx_word' id='word_1_116' title='bbox 435 2103 531 2165; x_wconf 86' lang='lat' dir='ltr'>quarn</span> <span class='ocrx_word' id='word_1_117' title='bbox 556 2085 581 2144; x_wconf 92' lang='lat' dir='ltr'>si</span> <span class='ocrx_word' id='word_1_118' title='bbox 606 2083 781 2164; x_wconf 92' lang='lat' dir='ltr'>aliquando</span> <span class='ocrx_word' id='word_1_119' title='bbox 805 2083 871 2146; x_wconf 87' lang='lat' dir='ltr'>fieri</span> <span class='ocrx_word' id='word_1_120' title='bbox 892 2085 1091 2164; x_wconf 85' lang='lat' dir='ltr'>contingeret</span> <span class='ocrx_word' id='word_1_121' title='bbox 1110 2085 1269 2162; x_wconf 91' lang='lat' dir='ltr'>volumus,</span> <span class='ocrx_word' id='word_1_122' title='bbox 1287 2083 1423 2144; x_wconf 85' lang='lat' dir='ltr'>dicimus</span> <span class='ocrx_word' id='word_1_123' title='bbox 1447 2096 1477 2144; x_wconf 91' lang='lat' dir='ltr'>et</span> <span class='ocrx_word' id='word_1_124' title='bbox 1497 2082 1700 2144; x_wconf 85' lang='lat' dir='ltr'>decrevimus</span> 
     </span>
     <span class='ocr_line' id='line_1_16' title="bbox 435 2189 1699 2271; baseline -0.001 -20"><span class='ocrx_word' id='word_1_125' title='bbox 435 2204 544 2251; x_wconf 89' lang='lat' dir='ltr'>contra</span> <span class='ocrx_word' id='word_1_126' title='bbox 577 2189 774 2250; x_wconf 90' lang='lat' dir='ltr'>voluntatem</span> <span class='ocrx_word' id='word_1_127' title='bbox 806 2203 837 2250; x_wconf 91' lang='lat' dir='ltr'>et</span> <span class='ocrx_word' id='word_1_128' title='bbox 869 2189 900 2250; x_wconf 89' lang='lat' dir='ltr'>in</span> <span class='ocrx_word' id='word_1_129' title='bbox 934 2189 1147 2271; x_wconf 85' lang='lat' dir='ltr'>preludicium</span> <span class='ocrx_word' id='word_1_130' title='bbox 1178 2203 1209 2249; x_wconf 89' lang='lat' dir='ltr'>et</span> <span class='ocrx_word' id='word_1_131' title='bbox 1237 2189 1386 2250; x_wconf 86' lang='lat' dir='ltr'>iniuriam</span> <span class='ocrx_word' id='word_1_132' title='bbox 1410 2201 1551 2250; x_wconf 92' lang='lat' dir='ltr'>nostram</span> <span class='ocrx_word' id='word_1_133' title='bbox 1576 2190 1699 2271; x_wconf 87' lang='lat' dir='ltr'>capitu·</span> 
     </span>
     <span class='ocr_line' id='line_1_17' title="bbox 436 2297 1699 2376; baseline 0 -20"><span class='ocrx_word' id='word_1_134' title='bbox 436 2297 534 2357; x_wconf 84' lang='lat' dir='ltr'>larem</span> <span class='ocrx_word' id='word_1_135' title='bbox 559 2307 590 2356; x_wconf 93' lang='lat' dir='ltr'>et</span> <span class='ocrx_word' id='word_1_136' title='bbox 613 2315 831 2356; x_wconf 86' lang='lat' dir='ltr'>successorum</span> <span class='ocrx_word' id='word_1_137' title='bbox 863 2309 1043 2356; x_wconf 90' lang='lat' dir='ltr'>nostrorum</span> <span class='ocrx_word' id='word_1_138' title='bbox 1078 2313 1202 2355; x_wconf 85' lang='lat' dir='ltr'>exnunc</span> <span class='ocrx_word' id='word_1_139' title='bbox 1229 2308 1324 2376; x_wconf 90' lang='lat' dir='ltr'>prout</span> <span class='ocrx_word' id='word_1_140' title='bbox 1347 2315 1385 2355; x_wconf 83' lang='lat' dir='ltr'>ex</span> <span class='ocrx_word' id='word_1_141' title='bbox 1409 2309 1484 2356; x_wconf 88' lang='lat' dir='ltr'>tunc</span> <span class='ocrx_word' id='word_1_142' title='bbox 1505 2307 1536 2355; x_wconf 90' lang='lat' dir='ltr'>et</span> <span class='ocrx_word' id='word_1_143' title='bbox 1560 2315 1599 2354; x_wconf 86' lang='lat' dir='ltr'>ex</span> <span class='ocrx_word' id='word_1_144' title='bbox 1624 2309 1699 2356; x_wconf 88' lang='lat' dir='ltr'>tunc</span> 
     </span>
     <span class='ocr_line' id='line_1_18' title="bbox 435 2385 1699 2483; baseline -0.002 -21"><span class='ocrx_word' id='word_1_145' title='bbox 435 2415 529 2483; x_wconf 91' lang='lat' dir='ltr'>prout</span> <span class='ocrx_word' id='word_1_146' title='bbox 553 2420 589 2460; x_wconf 84' lang='lat' dir='ltr'>ex</span> <span class='ocrx_word' id='word_1_147' title='bbox 614 2420 699 2462; x_wconf 94' lang='lat' dir='ltr'>nunc</span> <span class='ocrx_word' id='word_1_148' title='bbox 722 2399 789 2461; x_wconf 87' lang='lat' dir='ltr'>lore</span> <span class='ocrx_word' id='word_1_149' title='bbox 814 2399 929 2462; x_wconf 84' lang='lat' dir='ltr'>factam</span> <span class='ocrx_word' id='word_1_150' title='bbox 953 2413 984 2461; x_wconf 90' lang='lat' dir='ltr'>et</span> <span class='ocrx_word' id='word_1_151' title='bbox 1008 2413 1226 2482; x_wconf 88' lang='lat' dir='ltr'>attenptatam,</span> <span class='ocrx_word' id='word_1_152' title='bbox 1251 2413 1282 2462; x_wconf 96' lang='lat' dir='ltr'>et</span> <span class='ocrx_word' id='word_1_153' title='bbox 1298 2399 1330 2460; x_wconf 93' lang='lat' dir='ltr'>in</span> <span class='ocrx_word' id='word_1_154' title='bbox 1348 2385 1512 2480; x_wconf 29' lang='lat' dir='ltr'>quantum*</span> <span class='ocrx_word' id='word_1_155' title='bbox 1520 2400 1699 2481; x_wconf 89' lang='lat' dir='ltr'>poterimus</span> 
     </span>
     <span class='ocr_line' id='line_1_19' title="bbox 436 2505 1698 2587; baseline -0.002 -19"><span class='ocrx_word' id='word_1_156' title='bbox 436 2507 621 2568; x_wconf 91' lang='lat' dir='ltr'>huiusmodi</span> <span class='ocrx_word' id='word_1_157' title='bbox 653 2505 813 2586; x_wconf 89' lang='lat' dir='ltr'>injuriam,</span> <span class='ocrx_word' id='word_1_158' title='bbox 838 2507 863 2566; x_wconf 92' lang='lat' dir='ltr'>si</span> <span class='ocrx_word' id='word_1_159' title='bbox 897 2519 928 2567; x_wconf 91' lang='lat' dir='ltr'>et</span> <span class='ocrx_word' id='word_1_160' title='bbox 960 2507 992 2566; x_wconf 95' lang='lat' dir='ltr'>in</span> <span class='ocrx_word' id='word_1_161' title='bbox 1016 2519 1172 2587; x_wconf 90' lang='lat' dir='ltr'>quantum</span> <span class='ocrx_word' id='word_1_162' title='bbox 1196 2506 1289 2567; x_wconf 93' lang='lat' dir='ltr'>nobis</span> <span class='ocrx_word' id='word_1_163' title='bbox 1312 2519 1343 2568; x_wconf 91' lang='lat' dir='ltr'>et</span> <span class='ocrx_word' id='word_1_164' title='bbox 1365 2505 1604 2566; x_wconf 87' lang='lat' dir='ltr'>successoribus</span> <span class='ocrx_word' id='word_1_165' title='bbox 1628 2525 1698 2566; x_wconf 92' lang='lat' dir='ltr'>nos·</span> 
     </span>
     <span class='ocr_line' id='line_1_20' title="bbox 435 2610 1696 2693; baseline -0.003 -17"><span class='ocrx_word' id='word_1_166' title='bbox 435 2613 491 2676; x_wconf 90' lang='lat' dir='ltr'>tris</span> <span class='ocrx_word' id='word_1_167' title='bbox 521 2614 658 2692; x_wconf 84' lang='lat' dir='ltr'>irrogata</span> <span class='ocrx_word' id='word_1_168' title='bbox 690 2610 785 2674; x_wconf 86' lang='lat' dir='ltr'>fuerit</span> <span class='ocrx_word' id='word_1_169' title='bbox 816 2612 1002 2693; x_wconf 89' lang='lat' dir='ltr'>propulsare</span> <span class='ocrx_word' id='word_1_170' title='bbox 1033 2613 1182 2673; x_wconf 89' lang='lat' dir='ltr'>volumus</span> <span class='ocrx_word' id='word_1_171' title='bbox 1213 2626 1244 2674; x_wconf 91' lang='lat' dir='ltr'>et</span> <span class='ocrx_word' id='word_1_172' title='bbox 1271 2611 1477 2673; x_wconf 88' lang='lat' dir='ltr'>intendimus.</span> <span class='ocrx_word' id='word_1_173' title='bbox 1510 2612 1560 2672; x_wconf 88' lang='lat' dir='ltr'>Ne</span> <span class='ocrx_word' id='word_1_174' title='bbox 1589 2625 1696 2673; x_wconf 86' lang='lat' dir='ltr'>autem</span> 
     </span>
    </p>
   </div>
   <div class='ocr_carea' id='block_1_4' title="bbox 435 2717 1800 2802">
    <p class='ocr_par' dir='ltr' id='par_1_4' title="bbox 435 2717 1800 2802">
     <span class='ocr_line' id='line_1_21' title="bbox 435 2717 1800 2802; baseline -0.001 -22"><span class='ocrx_word' id='word_1_175' title='bbox 435 2731 596 2802; x_wconf 86' lang='lat' dir='ltr'>presentes</span> <span class='ocrx_word' id='word_1_176' title='bbox 631 2717 732 2779; x_wconf 89' lang='lat' dir='ltr'>littere</span> <span class='ocrx_word' id='word_1_177' title='bbox 764 2731 870 2779; x_wconf 90' lang='lat' dir='ltr'>nostre</span> <span class='ocrx_word' id='word_1_178' title='bbox 901 2738 958 2800; x_wconf 91' lang='lat' dir='ltr'>per</span> <span class='ocrx_word' id='word_1_179' title='bbox 988 2717 1136 2799; x_wconf 91' lang='lat' dir='ltr'>injuriam</span> <span class='ocrx_word' id='word_1_180' title='bbox 1167 2737 1226 2799; x_wconf 93' lang='lat' dir='ltr'>pro</span> <span class='ocrx_word' id='word_1_181' title='bbox 1258 2731 1402 2800; x_wconf 90' lang='lat' dir='ltr'>tempore</span> <span class='ocrx_word' id='word_1_182' title='bbox 1433 2717 1641 2800; x_wconf 89' lang='lat' dir='ltr'>prebendarii</span> <span class='ocrx_word' id='word_1_183' title='bbox 1670 2731 1699 2778; x_wconf 90' lang='lat' dir='ltr'>et</span> <span class='ocrx_word' id='word_1_184' title='bbox 1795 2753 1800 2761; x_wconf 92' lang='lat'>·</span> 
     </span>
    </p>
   </div>
   <div class='ocr_carea' id='block_1_5' title="bbox 435 2823 1703 4073">
    <p class='ocr_par' dir='ltr' id='par_1_5' title="bbox 435 2823 1703 4073">
     <span class='ocr_line' id='line_1_22' title="bbox 435 2823 1698 2906; baseline -0.002 -19"><span class='ocrx_word' id='word_1_185' title='bbox 435 2825 565 2886; x_wconf 90' lang='lat' dir='ltr'>rectoris</span> <span class='ocrx_word' id='word_1_186' title='bbox 588 2837 642 2885; x_wconf 92' lang='lat' dir='ltr'>aut</span> <span class='ocrx_word' id='word_1_187' title='bbox 672 2823 784 2885; x_wconf 91' lang='lat' dir='ltr'>dolum</span> <span class='ocrx_word' id='word_1_188' title='bbox 811 2824 1013 2905; x_wconf 89' lang='lat' dir='ltr'>aliquatenus</span> <span class='ocrx_word' id='word_1_189' title='bbox 1036 2823 1163 2885; x_wconf 88' lang='lat' dir='ltr'>valeant</span> <span class='ocrx_word' id='word_1_190' title='bbox 1185 2823 1329 2905; x_wconf 90' lang='lat' dir='ltr'>deperire</span> <span class='ocrx_word' id='word_1_191' title='bbox 1354 2835 1385 2886; x_wconf 91' lang='lat' dir='ltr'>et</span> <span class='ocrx_word' id='word_1_192' title='bbox 1407 2823 1538 2885; x_wconf 88' lang='lat' dir='ltr'>tandem</span> <span class='ocrx_word' id='word_1_193' title='bbox 1563 2825 1698 2906; x_wconf 90' lang='lat' dir='ltr'>preben-</span> 
     </span>
     <span class='ocr_line' id='line_1_23' title="bbox 436 2929 1697 3013; baseline -0.001 -22"><span class='ocrx_word' id='word_1_194' title='bbox 436 2930 543 2992; x_wconf 88' lang='lat' dir='ltr'>darius</span> <span class='ocrx_word' id='word_1_195' title='bbox 567 2944 597 2991; x_wconf 89' lang='lat' dir='ltr'>et</span> <span class='ocrx_word' id='word_1_196' title='bbox 620 2943 722 2991; x_wconf 91' lang='lat' dir='ltr'>rector</span> <span class='ocrx_word' id='word_1_197' title='bbox 745 2950 762 2990; x_wconf 87' lang='lat' dir='ltr'>a</span> <span class='ocrx_word' id='word_1_198' title='bbox 787 2929 1005 2991; x_wconf 88' lang='lat' dir='ltr'>celebracione</span> <span class='ocrx_word' id='word_1_199' title='bbox 1029 2931 1196 2992; x_wconf 88' lang='lat' dir='ltr'>missarum</span> <span class='ocrx_word' id='word_1_200' title='bbox 1217 2942 1248 2990; x_wconf 90' lang='lat' dir='ltr'>et</span> <span class='ocrx_word' id='word_1_201' title='bbox 1264 2929 1401 2991; x_wconf 89' lang='lat' dir='ltr'>aliorum</span> <span class='ocrx_word' id='word_1_202' title='bbox 1418 2931 1652 3013; x_wconf 86' lang='lat' dir='ltr'>premissorum</span> <span class='ocrx_word' id='word_1_203' title='bbox 1667 2949 1697 2991; x_wconf 88' lang='lat' dir='ltr'>se</span> 
     </span>
     <span class='ocr_line' id='line_1_24' title="bbox 436 3035 1697 3113; baseline -0.002 -15"><span class='ocrx_word' id='word_1_204' title='bbox 436 3055 585 3098; x_wconf 87' lang='lat' dir='ltr'>excusare</span> <span class='ocrx_word' id='word_1_205' title='bbox 608 3049 639 3098; x_wconf 90' lang='lat' dir='ltr'>et</span> <span class='ocrx_word' id='word_1_206' title='bbox 669 3038 709 3097; x_wconf 91' lang='lat' dir='ltr'>ab</span> <span class='ocrx_word' id='word_1_207' title='bbox 733 3035 921 3098; x_wconf 87' lang='lat' dir='ltr'>obediencia</span> <span class='ocrx_word' id='word_1_208' title='bbox 944 3049 1050 3097; x_wconf 89' lang='lat' dir='ltr'>nostra</span> <span class='ocrx_word' id='word_1_209' title='bbox 1074 3055 1107 3096; x_wconf 92' lang='lat' dir='ltr'>se</span> <span class='ocrx_word' id='word_1_210' title='bbox 1131 3036 1269 3097; x_wconf 81' lang='lat' dir='ltr'>eximere</span> <span class='ocrx_word' id='word_1_211' title='bbox 1292 3036 1450 3098; x_wconf 89' lang='lat' dir='ltr'>laboraret</span> <span class='ocrx_word' id='word_1_212' title='bbox 1474 3048 1505 3096; x_wconf 92' lang='lat' dir='ltr'>et</span> <span class='ocrx_word' id='word_1_213' title='bbox 1533 3036 1697 3113; x_wconf 87' lang='lat' dir='ltr'>niteretur,</span> 
     </span>
     <span class='ocr_line' id='line_1_25' title="bbox 437 3141 1700 3224; baseline -0.002 -20"><span class='ocrx_word' id='word_1_214' title='bbox 437 3141 658 3204; x_wconf 86' lang='lat' dir='ltr'>commisimus</span> <span class='ocrx_word' id='word_1_215' title='bbox 690 3141 824 3203; x_wconf 91' lang='lat' dir='ltr'>domino</span> <span class='ocrx_word' id='word_1_216' title='bbox 855 3141 965 3202; x_wconf 89' lang='lat' dir='ltr'>lectori</span> <span class='ocrx_word' id='word_1_217' title='bbox 990 3154 1099 3203; x_wconf 89' lang='lat' dir='ltr'>nostro</span> <span class='ocrx_word' id='word_1_218' title='bbox 1124 3142 1293 3220; x_wconf 89' lang='lat' dir='ltr'>moderno,</span> <span class='ocrx_word' id='word_1_219' title='bbox 1317 3155 1351 3203; x_wconf 93' lang='lat' dir='ltr'>ut</span> <span class='ocrx_word' id='word_1_220' title='bbox 1375 3155 1521 3204; x_wconf 88' lang='lat' dir='ltr'>tenorem</span> <span class='ocrx_word' id='word_1_221' title='bbox 1546 3142 1700 3224; x_wconf 91' lang='lat' dir='ltr'>presentis</span> 
     </span>
     <span class='ocr_line' id='line_1_26' title="bbox 437 3247 1699 3310; baseline -0.002 -1"><span class='ocrx_word' id='word_1_222' title='bbox 437 3247 678 3310; x_wconf 91' lang='lat' dir='ltr'>constitucionis</span> <span class='ocrx_word' id='word_1_223' title='bbox 702 3261 733 3308; x_wconf 93' lang='lat' dir='ltr'>et</span> <span class='ocrx_word' id='word_1_224' title='bbox 755 3247 972 3309; x_wconf 88' lang='lat' dir='ltr'>ordinacionis</span> <span class='ocrx_word' id='word_1_225' title='bbox 995 3261 1102 3309; x_wconf 90' lang='lat' dir='ltr'>nostre</span> <span class='ocrx_word' id='word_1_226' title='bbox 1125 3248 1165 3308; x_wconf 90' lang='lat' dir='ltr'>de</span> <span class='ocrx_word' id='word_1_227' title='bbox 1189 3248 1287 3309; x_wconf 92' lang='lat' dir='ltr'>verbo</span> <span class='ocrx_word' id='word_1_228' title='bbox 1309 3247 1349 3308; x_wconf 89' lang='lat' dir='ltr'>ad</span> <span class='ocrx_word' id='word_1_229' title='bbox 1369 3249 1504 3308; x_wconf 91' lang='lat' dir='ltr'>verbum</span> <span class='ocrx_word' id='word_1_230' title='bbox 1519 3248 1591 3310; x_wconf 90' lang='lat' dir='ltr'>sine</span> <span class='ocrx_word' id='word_1_231' title='bbox 1609 3249 1699 3309; x_wconf 89' lang='lat' dir='ltr'>dimi-</span> 
     </span>
     <span class='ocr_line' id='line_1_27' title="bbox 438 3353 1701 3434; baseline -0.001 -18"><span class='ocrx_word' id='word_1_232' title='bbox 438 3355 576 3416; x_wconf 87' lang='lat' dir='ltr'>nucione</span> <span class='ocrx_word' id='word_1_233' title='bbox 608 3353 740 3434; x_wconf 87' lang='lat' dir='ltr'>aliquali</span> <span class='ocrx_word' id='word_1_234' title='bbox 769 3354 885 3415; x_wconf 87' lang='lat' dir='ltr'>inserat</span> <span class='ocrx_word' id='word_1_235' title='bbox 909 3367 939 3416; x_wconf 89' lang='lat' dir='ltr'>et</span> <span class='ocrx_word' id='word_1_236' title='bbox 964 3355 1113 3416; x_wconf 88' lang='lat' dir='ltr'>inscribat</span> <span class='ocrx_word' id='word_1_237' title='bbox 1137 3354 1176 3416; x_wconf 88' lang='lat' dir='ltr'>ad</span> <span class='ocrx_word' id='word_1_238' title='bbox 1201 3356 1336 3416; x_wconf 89' lang='lat' dir='ltr'>rubeum</span> <span class='ocrx_word' id='word_1_239' title='bbox 1361 3355 1491 3433; x_wconf 88' lang='lat' dir='ltr'>librum,</span> <span class='ocrx_word' id='word_1_240' title='bbox 1517 3356 1573 3416; x_wconf 93' lang='lat' dir='ltr'>ubi</span> <span class='ocrx_word' id='word_1_241' title='bbox 1598 3356 1701 3418; x_wconf 89' lang='lat' dir='ltr'>solent</span> 
     </span>
     <span class='ocr_line' id='line_1_28' title="bbox 439 3460 1699 3542; baseline -0.001 -20"><span class='ocrx_word' id='word_1_242' title='bbox 439 3461 595 3522; x_wconf 91' lang='lat' dir='ltr'>conscribi</span> <span class='ocrx_word' id='word_1_243' title='bbox 620 3460 795 3520; x_wconf 88' lang='lat' dir='ltr'>inventaria</span> <span class='ocrx_word' id='word_1_244' title='bbox 820 3461 1106 3542; x_wconf 89' lang='lat' dir='ltr'>prebendariorum</span> <span class='ocrx_word' id='word_1_245' title='bbox 1127 3475 1158 3523; x_wconf 91' lang='lat' dir='ltr'>et</span> <span class='ocrx_word' id='word_1_246' title='bbox 1174 3474 1334 3523; x_wconf 89' lang='lat' dir='ltr'>rectorum</span> <span class='ocrx_word' id='word_1_247' title='bbox 1350 3461 1499 3523; x_wconf 87' lang='lat' dir='ltr'>altarium</span> <span class='ocrx_word' id='word_1_248' title='bbox 1516 3474 1699 3522; x_wconf 90' lang='lat' dir='ltr'>nostrorum</span> 
     </span>
     <span class='ocr_line' id='line_1_29' title="bbox 438 3566 1702 3649; baseline 0 -23"><span class='ocrx_word' id='word_1_249' title='bbox 438 3566 534 3627; x_wconf 91' lang='lat' dir='ltr'>simul</span> <span class='ocrx_word' id='word_1_250' title='bbox 567 3585 640 3626; x_wconf 93' lang='lat' dir='ltr'>cum</span> <span class='ocrx_word' id='word_1_251' title='bbox 673 3566 910 3648; x_wconf 91' lang='lat' dir='ltr'>subscripcione</span> <span class='ocrx_word' id='word_1_252' title='bbox 939 3567 1080 3628; x_wconf 91' lang='lat' dir='ltr'>nominis</span> <span class='ocrx_word' id='word_1_253' title='bbox 1111 3568 1170 3629; x_wconf 89' lang='lat' dir='ltr'>sui.</span> <span class='ocrx_word' id='word_1_254' title='bbox 1193 3567 1227 3628; x_wconf 92' lang='lat' dir='ltr'>ln</span> <span class='ocrx_word' id='word_1_255' title='bbox 1252 3587 1390 3649; x_wconf 93' lang='lat' dir='ltr'>quorum</span> <span class='ocrx_word' id='word_1_256' title='bbox 1413 3567 1561 3628; x_wconf 91' lang='lat' dir='ltr'>omnium</span> <span class='ocrx_word' id='word_1_257' title='bbox 1587 3583 1619 3628; x_wconf 93' lang='lat' dir='ltr'>et</span> <span class='ocrx_word' id='word_1_258' title='bbox 1639 3567 1702 3627; x_wconf 92' lang='lat' dir='ltr'>sin-</span> 
     </span>
     <span class='ocr_line' id='line_1_30' title="bbox 437 3671 1702 3755; baseline -0.001 -21"><span class='ocrx_word' id='word_1_259' title='bbox 437 3673 588 3753; x_wconf 82' lang='lat' dir='ltr'>gulorum</span> <span class='ocrx_word' id='word_1_260' title='bbox 604 3673 832 3753; x_wconf 88' lang='lat' dir='ltr'>premissorum</span> <span class='ocrx_word' id='word_1_261' title='bbox 845 3671 941 3734; x_wconf 90' lang='lat' dir='ltr'>fidem</span> <span class='ocrx_word' id='word_1_262' title='bbox 958 3688 989 3734; x_wconf 88' lang='lat' dir='ltr'>et</span> <span class='ocrx_word' id='word_1_263' title='bbox 1004 3673 1234 3752; x_wconf 88' lang='lat' dir='ltr'>testimonium,</span> <span class='ocrx_word' id='word_1_264' title='bbox 1247 3672 1496 3754; x_wconf 83' lang='lat' dir='ltr'>firmitatemque</span> <span class='ocrx_word' id='word_1_265' title='bbox 1512 3685 1702 3755; x_wconf 81' lang='lat' dir='ltr'>perpetuam</span> 
     </span>
     <span class='ocr_line' id='line_1_31' title="bbox 439 3779 1703 3862; baseline 0.001 -24"><span class='ocrx_word' id='word_1_266' title='bbox 439 3779 639 3860; x_wconf 89' lang='lat' dir='ltr'>presentibus</span> <span class='ocrx_word' id='word_1_267' title='bbox 671 3779 813 3859; x_wconf 88' lang='lat' dir='ltr'>sigillum</span> <span class='ocrx_word' id='word_1_268' title='bbox 847 3791 990 3840; x_wconf 91' lang='lat' dir='ltr'>nostrum</span> <span class='ocrx_word' id='word_1_269' title='bbox 1019 3781 1229 3841; x_wconf 87' lang='lat' dir='ltr'>auttenticum</span> <span class='ocrx_word' id='word_1_270' title='bbox 1260 3779 1410 3840; x_wconf 85' lang='lat' dir='ltr'>duximus</span> <span class='ocrx_word' id='word_1_271' title='bbox 1439 3779 1703 3862; x_wconf 89' lang='lat' dir='ltr'>appendendum.</span> 
     </span>
     <span class='ocr_line' id='line_1_32' title="bbox 441 3881 1703 3966; baseline 0.002 -22"><span class='ocrx_word' id='word_1_272' title='bbox 441 3883 558 3944; x_wconf 87' lang='lat' dir='ltr'>Datum</span> <span class='ocrx_word' id='word_1_273' title='bbox 584 3881 661 3945; x_wconf 88' lang='lat' dir='ltr'>feria</span> <span class='ocrx_word' id='word_1_274' title='bbox 685 3885 781 3945; x_wconf 88' lang='lat' dir='ltr'>tercia</span> <span class='ocrx_word' id='word_1_275' title='bbox 806 3885 950 3966; x_wconf 86' lang='lat' dir='ltr'>proxima</span> <span class='ocrx_word' id='word_1_276' title='bbox 974 3899 1046 3946; x_wconf 89' lang='lat' dir='ltr'>ante</span> <span class='ocrx_word' id='word_1_277' title='bbox 1071 3884 1186 3948; x_wconf 88' lang='lat' dir='ltr'>festum</span> <span class='ocrx_word' id='word_1_278' title='bbox 1211 3886 1357 3947; x_wconf 89' lang='lat' dir='ltr'>omnium</span> <span class='ocrx_word' id='word_1_279' title='bbox 1381 3897 1576 3947; x_wconf 88' lang='lat' dir='ltr'>sanctorum.</span> <span class='ocrx_word' id='word_1_280' title='bbox 1605 3889 1703 3946; x_wconf 80' lang='lat' dir='ltr'>Anno</span> 
     </span>
     <span class='ocr_line' id='line_1_33' title="bbox 440 3988 1341 4073; baseline 0.004 -24"><span class='ocrx_word' id='word_1_281' title='bbox 440 3988 563 4050; x_wconf 91' lang='lat' dir='ltr'>domini</span> <span class='ocrx_word' id='word_1_282' title='bbox 588 3989 759 4050; x_wconf 88' lang='lat' dir='ltr'>millesimo</span> <span class='ocrx_word' id='word_1_283' title='bbox 784 3991 1043 4072; x_wconf 88' lang='lat' dir='ltr'>quingentesimo</span> <span class='ocrx_word' id='word_1_284' title='bbox 1066 3991 1179 4073; x_wconf 92' lang='lat' dir='ltr'>quinto</span> <span class='ocrx_word' id='word_1_285' title='bbox 1204 3990 1341 4053; x_wconf 90' lang='lat' dir='ltr'>decimo.</span> 
     </span>
    </p>
   </div>
   <div class='ocr_carea' id='block_1_6' title="bbox 441 4110 1704 4266">
    <p class='ocr_par' dir='ltr' id='par_1_6' title="bbox 441 4110 1704 4266">
     <span class='ocr_line' id='line_1_34' title="bbox 548 4110 1704 4179; baseline 0.001 -17"><span class='ocrx_word' id='word_1_286' title='bbox 548 4110 684 4176; x_wconf 76' lang='lat' dir='ltr'>Originale</span> <span class='ocrx_word' id='word_1_287' title='bbox 710 4113 735 4162; x_wconf 89' lang='lat' dir='ltr'>in</span> <span class='ocrx_word' id='word_1_288' title='bbox 761 4115 918 4176; x_wconf 85' lang='lat' dir='ltr'>membrana,</span> <span class='ocrx_word' id='word_1_289' title='bbox 937 4113 962 4164; x_wconf 89' lang='lat' dir='ltr'>in</span> <span class='ocrx_word' id='word_1_290' title='bbox 988 4113 1105 4178; x_wconf 80' lang='lat' dir='ltr'>margine</span> <span class='ocrx_word' id='word_1_291' title='bbox 1130 4112 1249 4164; x_wconf 79' lang='lat' dir='ltr'>inferiori</span> <span class='ocrx_word' id='word_1_292' title='bbox 1269 4114 1426 4178; x_wconf 88' lang='lat' dir='ltr'>impressum</span> <span class='ocrx_word' id='word_1_293' title='bbox 1451 4117 1494 4164; x_wconf 88' lang='lat' dir='ltr'>est</span> <span class='ocrx_word' id='word_1_294' title='bbox 1516 4114 1645 4179; x_wconf 76' lang='lat' dir='ltr'>sigillam.</span> <span class='ocrx_word' id='word_1_295' title='bbox 1676 4112 1704 4163; x_wconf 88' lang='lat' dir='ltr'>la</span> 
     </span>
     <span class='ocr_line' id='line_1_35' title="bbox 441 4199 1704 4266; baseline 0 -14"><span class='ocrx_word' id='word_1_296' title='bbox 441 4199 538 4253; x_wconf 84' lang='lat' dir='ltr'>archiv.</span> <span class='ocrx_word' id='word_1_297' title='bbox 557 4215 616 4251; x_wconf 89' lang='lat' dir='ltr'>ven.</span> <span class='ocrx_word' id='word_1_298' title='bbox 636 4201 715 4264; x_wconf 82' lang='lat' dir='ltr'>capit.</span> <span class='ocrx_word' id='word_1_299' title='bbox 733 4201 789 4253; x_wconf 82' lang='lat' dir='ltr'>Act.</span> <span class='ocrx_word' id='word_1_300' title='bbox 811 4201 874 4265; x_wconf 87' lang='lat' dir='ltr'>Cap.</span> <span class='ocrx_word' id='word_1_301' title='bbox 893 4206 946 4254; x_wconf 88' lang='lat' dir='ltr'>ant.</span> <span class='ocrx_word' id='word_1_302' title='bbox 966 4200 1029 4252; x_wconf 84' lang='lat' dir='ltr'>lass.</span> <span class='ocrx_word' id='word_1_303' title='bbox 1050 4203 1091 4254; x_wconf 88' lang='lat'>79.</span> <span class='ocrx_word' id='word_1_304' title='bbox 1111 4216 1149 4256; x_wconf 88' lang='lat' dir='ltr'>nr.</span> <span class='ocrx_word' id='word_1_305' title='bbox 1173 4201 1428 4266; x_wconf 60' lang='lat' dir='ltr'>terraturium</span> <span class='ocrx_word' id='word_1_306' title='bbox 1447 4202 1512 4252; x_wconf 87' lang='lat' dir='ltr'>lasc.</span> <span class='ocrx_word' id='word_1_307' title='bbox 1535 4199 1704 4254; x_wconf 83' lang='lat' dir='ltr'>101.nr.15.</span> 
     </span>
    </p>
   </div>
   <div class='ocr_carea' id='block_1_7' title="bbox 1030 4466 1110 4531">
    <p class='ocr_par' dir='ltr' id='par_1_7' title="bbox 1030 4466 1110 4531">
     <span class='ocr_line' id='line_1_36' title="bbox 1030 4466 1110 4531; baseline -0.038 0"><span class='ocrx_word' id='word_1_308' title='bbox 1030 4466 1110 4531; x_wconf 89' lang='grc'><strong>114.</strong></span> 
     </span>
    </p>
   </div>
   <div class='ocr_carea' id='block_1_8' title="bbox 545 4573 1136 4673">
    <p class='ocr_par' dir='ltr' id='par_1_8' title="bbox 545 4573 1136 4673">
     <span class='ocr_line' id='line_1_37' title="bbox 545 4573 1136 4673; baseline 0.002 -16"><span class='ocrx_word' id='word_1_309' title='bbox 545 4608 619 4657; x_wconf 73' lang='lat' dir='ltr'>Anno</span> <span class='ocrx_word' id='word_1_310' title='bbox 640 4605 718 4672; x_wconf 84' lang='lat'>1515,</span> <span class='ocrx_word' id='word_1_311' title='bbox 737 4605 778 4660; x_wconf 82' lang='lat'>1³.</span> <span class='ocrx_word' id='word_1_312' title='bbox 798 4606 957 4659; x_wconf 88' lang='lat' dir='ltr'>novembris.</span> <span class='ocrx_word' id='word_1_313' title='bbox 979 4573 1136 4673; x_wconf 52' lang='lat' dir='ltr'>Zairablae.</span> 
     </span>
    </p>
   </div>
   <div class='ocr_carea' id='block_1_9' title="bbox 440 4734 1710 5008">
    <p class='ocr_par' dir='ltr' id='par_1_9' title="bbox 440 4734 1710 5008">
     <span class='ocr_line' id='line_1_38' title="bbox 442 4734 1710 4812; baseline 0.005 -23"><span class='ocrx_word' id='word_1_314' title='bbox 442 4734 573 4790; x_wconf 84' lang='lat' dir='ltr'>Micliael</span> <span class='ocrx_word' id='word_1_315' title='bbox 592 4734 825 4806; x_wconf 79' lang='lat' dir='ltr'>praebendarius</span> <span class='ocrx_word' id='word_1_316' title='bbox 856 4736 967 4792; x_wconf 81' lang='lat' dir='ltr'>dorions</span> <span class='ocrx_word' id='word_1_317' title='bbox 992 4737 1179 4808; x_wconf 71' lang='lat' dir='ltr'>possessiones</span> <span class='ocrx_word' id='word_1_318' title='bbox 1208 4753 1277 4792; x_wconf 83' lang='lat' dir='ltr'>suas</span> <span class='ocrx_word' id='word_1_319' title='bbox 1307 4736 1423 4812; x_wconf 84' lang='lat' dir='ltr'>Mlaka,</span> <span class='ocrx_word' id='word_1_320' title='bbox 1450 4737 1537 4794; x_wconf 85' lang='lat' dir='ltr'>Pleso</span> <span class='ocrx_word' id='word_1_321' title='bbox 1568 4745 1594 4794; x_wconf 81' lang='lat' dir='ltr'>et</span> <span class='ocrx_word' id='word_1_322' title='bbox 1621 4737 1710 4795; x_wconf 69' lang='lat' dir='ltr'>Krn‘e</span> 
     </span>
     <span class='ocr_line' id='line_1_39' title="bbox 440 4837 1709 4916; baseline 0.006 -22"><span class='ocrx_word' id='word_1_323' title='bbox 440 4846 524 4895; x_wconf 85' lang='lat' dir='ltr'>trans</span> <span class='ocrx_word' id='word_1_324' title='bbox 540 4837 649 4895; x_wconf 82' lang='lat' dir='ltr'>Sntrnrn</span> <span class='ocrx_word' id='word_1_325' title='bbox 664 4841 744 4906; x_wconf 84' lang='lat' dir='ltr'>situs,</span> <span class='ocrx_word' id='word_1_326' title='bbox 756 4840 990 4914; x_wconf 70' lang='lat' dir='ltr'>condicionesque</span> <span class='ocrx_word' id='word_1_327' title='bbox 1002 4841 1143 4914; x_wconf 85' lang='lat' dir='ltr'>quasdam</span> <span class='ocrx_word' id='word_1_328' title='bbox 1162 4841 1552 4916; x_wconf 73' lang='lat' dir='ltr'>constinrens,fiendationenr</span> <span class='ocrx_word' id='word_1_329' title='bbox 1567 4841 1610 4898; x_wconf 83' lang='lat' dir='ltr'>ad</span> <span class='ocrx_word' id='word_1_330' title='bbox 1621 4861 1709 4901; x_wconf 78' lang='lat' dir='ltr'>nsunt</span> 
     </span>
     <span class='ocr_line' id='line_1_40' title="bbox 839 4947 1302 5008; baseline 0.011 -7"><span class='ocrx_word' id='word_1_331' title='bbox 839 4947 945 5002; x_wconf 76' lang='lat' dir='ltr'>altaris</span> <span class='ocrx_word' id='word_1_332' title='bbox 967 4965 1002 5003; x_wconf 89' lang='lat' dir='ltr'>ss.</span> <span class='ocrx_word' id='word_1_333' title='bbox 1024 4947 1180 5004; x_wconf 77' lang='lat' dir='ltr'>Trinitatis</span> <span class='ocrx_word' id='word_1_334' title='bbox 1202 4949 1302 5008; x_wconf 67' lang='lat' dir='ltr'>conciti.</span> 
     </span>
    </p>
   </div>
   <div class='ocr_carea' id='block_1_10' title="bbox 441 5062 1711 5256">
    <p class='ocr_par' dir='ltr' id='par_1_10' title="bbox 441 5062 1711 5256">
     <span class='ocr_line' id='line_1_41' title="bbox 548 5062 1711 5147; baseline 0.01 -26"><span class='ocrx_word' id='word_1_335' title='bbox 548 5062 734 5142; x_wconf 88' lang='lat' dir='ltr'>Capitulum</span> <span class='ocrx_word' id='word_1_336' title='bbox 775 5065 906 5127; x_wconf 89' lang='lat' dir='ltr'>ecclesie</span> <span class='ocrx_word' id='word_1_337' title='bbox 942 5067 1166 5147; x_wconf 86' lang='lat' dir='ltr'>zagrabiensis.</span> <span class='ocrx_word' id='word_1_338' title='bbox 1203 5067 1364 5130; x_wconf 88' lang='lat' dir='ltr'>Omnibus</span> <span class='ocrx_word' id='word_1_339' title='bbox 1399 5069 1520 5131; x_wconf 91' lang='lat' dir='ltr'>Christi</span> <span class='ocrx_word' id='word_1_340' title='bbox 1555 5067 1711 5133; x_wconf 89' lang='lat' dir='ltr'>fidelibus</span> 
     </span>
     <span class='ocr_line' id='line_1_42' title="bbox 441 5168 1709 5256; baseline 0.009 -28"><span class='ocrx_word' id='word_1_341' title='bbox 441 5168 640 5251; x_wconf 88' lang='lat' dir='ltr'>presentibus</span> <span class='ocrx_word' id='word_1_342' title='bbox 676 5183 706 5230; x_wconf 91' lang='lat' dir='ltr'>et</span> <span class='ocrx_word' id='word_1_343' title='bbox 741 5169 864 5251; x_wconf 88' lang='lat' dir='ltr'>futuris,</span> <span class='ocrx_word' id='word_1_344' title='bbox 897 5173 1099 5253; x_wconf 87' lang='lat' dir='ltr'>presencium</span> <span class='ocrx_word' id='word_1_345' title='bbox 1134 5175 1286 5236; x_wconf 87' lang='lat' dir='ltr'>noticiam</span> <span class='ocrx_word' id='word_1_346' title='bbox 1318 5175 1483 5256; x_wconf 89' lang='lat' dir='ltr'>habituris,</span> <span class='ocrx_word' id='word_1_347' title='bbox 1511 5175 1650 5236; x_wconf 90' lang='lat' dir='ltr'>salutem</span> <span class='ocrx_word' id='word_1_348' title='bbox 1675 5178 1709 5239; x_wconf 91' lang='lat' dir='ltr'>in</span> 
     </span>
    </p>
   </div>
   <div class='ocr_carea' id='block_1_11' title="bbox 0 0 1885 5796">
    <p class='ocr_par' dir='ltr' id='par_1_11' title="bbox 0 0 1885 5796">
     <span class='ocr_line' id='line_1_43' title="bbox 0 0 1885 5796; baseline 0 0"><span class='ocrx_word' id='word_1_349' title='bbox 0 0 1885 5796; x_wconf 95' lang='lat' dir='ltr'> </span> 
     </span>
    </p>
   </div>
  </div>
 </body>
</html>
