3900 5804
815 547 936 607 Statum
961 549 1252 607 Prorbmdariormo.

410 775 477 836 cius
501 775 618 837 divinis
642 789 809 858 propterea
834 777 1040 858 invigilemus
1071 775 1196 855 officiis,
1220 777 1388 838 statuimus
1412 791 1443 838 et
1466 777 1674 854 decrevimus,

411 882 498 964 quod
524 882 563 944 ad
587 883 773 944 mandatum
799 897 942 946 nostrum
967 903 1023 945 seu
1047 883 1172 945 domini
1189 883 1301 944 decani
1319 884 1430 962 nostri,
1453 883 1673 964 quandocum-

411 1007 474 1068 que
499 988 530 1048 id
554 989 737 1066 occurrerit,
754 989 894 1050 universi
913 987 1023 1050 iratres
1040 989 1211 1050 convenire
1230 990 1367 1050 debeant
1383 990 1423 1050 ad
1441 989 1673 1050 decantandam

411 1093 552 1174 missam,
577 1114 633 1176 per
670 1093 797 1156 fratrem
823 1096 872 1156 cui
911 1096 942 1156 id
979 1095 1131 1156 dominus
1166 1109 1274 1156 noster
1298 1097 1493 1157 commiserit
1526 1095 1674 1168 decanus,

411 1199 560 1260 videlicet
584 1201 623 1262 de
648 1202 739 1262 beata
769 1201 892 1282 virgine
925 1201 958 1262 in
990 1221 1043 1262 ara
1075 1201 1231 1280 eiusdem,
1262 1203 1352 1262 cuius
1383 1201 1474 1262 linito
1500 1201 1673 1262 »Sanctus«

411 1305 595 1367 dividantur
619 1305 729 1368 fratres
754 1308 785 1368 in
810 1307 890 1368 duas
914 1321 1019 1388 partes
1041 1308 1080 1368 ad
1111 1307 1327 1369 decantandas
1351 1309 1429 1369 alias
1453 1307 1531 1368 duas
1555 1307 1676 1384 missas,

412 1425 486 1492 puta
496 1411 714 1492 »deAngelis‹
726 1427 755 1473 et
770 1412 974 1474 »Defunctim
992 1414 1021 1473 in
1033 1433 1240 1494 quacumque
1253 1434 1317 1492 ara,
1330 1416 1389 1474 sub
1404 1413 1494 1494 penis
1513 1413 1674 1495 predictis.

512 1626 562 1682 De
583 1626 767 1698 deportandis
782 1627 940 1702 funeribus
958 1635 1164 1700 patronorum.

513 1765 556 1826 Ut
580 1766 660 1826 vivis
683 1767 727 1827 sic
753 1767 854 1827 eciam
879 1787 915 1828 ex
940 1766 998 1828 hac
1023 1767 1086 1828 vita
1121 1766 1374 1828 decendentibus
1407 1765 1549 1826 dominis
1572 1779 1603 1826 et
1620 1785 1675 1847 pa-

410 1871 511 1931 tronis
534 1872 649 1932 nostris
673 1873 916 1952 graciosissimis
939 1873 1073 1954 obsequi
1101 1873 1274 1954 cupientes,
1299 1892 1372 1933 nam
1400 1870 1673 1952 quemadmodum

411 1976 508 2038 iidem
534 1977 656 2038 domini
681 1980 806 2060 patroni
831 1980 929 2040 nostri
966 1979 1305 2040 reverendissimorum
1330 1979 1536 2040 dominorum
1554 1977 1675 2058 episco-

411 2103 526 2163 porum
551 2083 660 2145 lunera
686 2099 757 2166 post
781 2085 945 2147 decessum
979 2085 1156 2146 eorundem
1190 2105 1244 2166 per
1275 2104 1308 2145 se
1341 2084 1460 2146 debent
1491 2081 1674 2165 sepelienda

411 2187 546 2268 deferre,
571 2191 610 2250 ita
648 2211 707 2252 nos
741 2191 888 2252 similiter
919 2192 1070 2252 volumus
1094 2204 1125 2252 et
1159 2191 1339 2268 statuimus,
1374 2191 1493 2252 amodo
1518 2190 1549 2250 in
1583 2203 1674 2250 antea

411 2296 587 2356 eorundem
600 2297 806 2358 dominorum
816 2312 1024 2379 patronorum
1034 2311 1215 2358 nostrorum
1228 2295 1338 2358 lunera
1348 2317 1365 2357 e
1375 2297 1525 2356 domibus
1534 2295 1674 2376 ipsorum

413 2401 577 2482 usquead
602 2403 708 2463 locum
734 2403 896 2484 sepulture
922 2424 994 2464 curn
1018 2403 1123 2464 debita
1154 2404 1329 2464 reverentia
1354 2423 1410 2484 per
1441 2415 1590 2483 quattuor
1622 2415 1676 2462 aut

411 2527 463 2567 seit
480 2505 590 2569 iratres
606 2509 747 2570 iuniores
760 2509 810 2569 vel
824 2509 913 2588 alias,
926 2509 951 2570 si
969 2528 1050 2590 opus
1064 2507 1157 2570 luerit
1174 2509 1274 2570 eciam
1293 2529 1348 2590 per
1358 2509 1463 2590 plures
1473 2507 1592 2582 fratres,
1605 2525 1673 2588 per·

410 2613 562 2673 sonaliter
587 2627 617 2675 et
642 2634 707 2674 non
732 2615 887 2676 mediatas
911 2615 1035 2695 aliquas
1059 2635 1210 2696 personas
1235 2615 1357 2676 deferre
1376 2631 1405 2676 et
1430 2615 1596 2696 deportare
1614 2614 1673 2672 sub

411 2739 494 2800 pena
518 2721 657 2780 carentie
681 2721 784 2782 tocius
809 2721 981 2803 legationis
1004 2721 1076 2782 talis
1100 2723 1257 2783 testatoris
1282 2720 1433 2782 defuncti.

519 2934 568 2990 De
586 2937 764 3006 processione
779 2935 918 3009 funerali
939 2943 967 2991 ci
987 2937 1063 2993 circo
1086 2954 1148 2992 earn
1170 2937 1343 2993 necessariis.

518 3071 642 3134 Deinde
666 3074 844 3152 statuimus,
869 3087 904 3134 ut
927 3074 958 3134 in
984 3075 1241 3155 processionibus
1270 3073 1418 3136 funerum
1443 3092 1568 3153 semper
1592 3073 1674 3133 iuni·

413 3197 483 3238 ores
508 3177 618 3238 fratres
641 3180 741 3240 nostri
766 3179 993 3258 thurribulum,
1024 3181 1189 3242 urceolum
1218 3200 1291 3242 cum
1316 3179 1483 3240 benedicta
1515 3198 1609 3258 aqua,
1640 3197 1676 3238 ac

413 3284 513 3344 eciam
538 3284 653 3344 vexilla
677 3297 773 3364 atque
797 3285 859 3345 alia
884 3285 924 3346 ad
948 3287 1188 3366 processionem
1221 3287 1397 3348 necessaria
1429 3287 1596 3366 deportare
1622 3284 1676 3346 de-

413 3391 509 3452 beant
533 3403 563 3451 et
586 3403 679 3450 eruut
702 3389 846 3471 obligati.

517 3607 566 3662 Dc
584 3613 661 3676 pena
684 3603 841 3660 absentium
863 3605 894 3661 in
916 3606 1093 3678 supradictis
1107 3606 1294 3680 fhnerolium
1303 3607 1543 3678 processionibus.

518 3743 667 3805 Tandem
693 3743 794 3814 eciam
816 3744 977 3823 volumus,
1002 3765 1068 3826 quo
1091 3745 1226 3826 singulis
1257 3745 1515 3826 processionibus
1549 3741 1691 3806 funera-¹

413 3850 498 3910 libus
538 3850 677 3911 universi
711 3849 835 3911 domini
868 3849 978 3911 fratrea
1010 3851 1165 3931 intersint,
1197 3851 1340 3932 alioquin
1373 3853 1520 3912 absentes
1543 3865 1574 3912 et
1608 3851 1675 3912 sine

412 3955 492 4016 scitu
515 3955 638 4016 domini
663 3955 761 4016 nostri
787 3955 898 4017 decani
931 3956 1128 4038 divagentes,
1159 3957 1248 4018 totali
1281 3956 1505 4036 testamentali,
1539 3955 1673 4017 funerali

413 4061 564 4122 videlicet
598 4061 770 4142 legatione,
806 4062 949 4123 senciant
972 4083 1004 4123 se
1029 4083 1097 4123 esse
1132 4063 1290 4145 privatos;
1315 4063 1361 4124 illi
1393 4077 1511 4142 autem,
1548 4063 1603 4144 qui
1638 4083 1675 4123 ex

413 4167 587 4228 aunuentia
612 4167 710 4248 ipsius
734 4168 858 4230 domini
882 4169 982 4230 nostri
1010 4169 1122 4230 decani
1147 4167 1316 4248 abluerint,
1352 4169 1459 4230 totalis
1489 4169 1674 4231 huiusmodi

414 4271 567 4334 funeralis
590 4273 806 4354 legationibus
830 4289 861 4336 et
884 4275 1071 4355 elemosine,
1088 4275 1219 4357 dempto
1256 4295 1321 4337 uno
1346 4275 1468 4337 floreno
1493 4296 1590 4358 quem
1606 4295 1674 4358 pre-

414 4392 518 4440 sentes
540 4377 650 4440 fratres
673 4379 787 4442 tollent
810 4401 868 4463 pro
892 4382 1013 4460 labore,
1037 4382 1206 4463 participes
1238 4394 1340 4460 erunt,
1364 4369 1404 4442 ad
1429 4401 1491 4463 que
1515 4395 1611 4464 prout
1634 4381 1672 4442 ad

414 4486 476 4545 alia
500 4485 608 4546 omnia
634 4485 803 4548 dominum
828 4488 985 4548 decanum
1010 4501 1154 4549 nostrum
1178 4489 1328 4549 solertem
1346 4501 1377 4550 et
1397 4487 1582 4569 vigilantem
1609 4507 1674 4550 esse

415 4591 574 4670 volumus,
598 4591 715 4673 pariter
738 4607 770 4654 et
791 4593 988 4675 diligentem.
1014 4595 1080 4668 Qui
1104 4615 1184 4656 vero
1208 4594 1414 4656 tumulationi
1438 4609 1470 4655 et
1495 4595 1672 4656 ›Placebo‹

415 4714 479 4757 non
503 4694 715 4776 interfuerint,
732 4698 842 4761 decem
859 4721 1088 4783 wyennenses;
1111 4701 1221 4782 vigilie
1237 4714 1344 4762 autem
1361 4720 1426 4762 non
1443 4699 1674 4779 interessentes,

415 4799 526 4861 decem
550 4802 728 4865 solidorum
753 4805 1008 4888 hungaricalium
1033 4827 1115 4888 pene
1139 4808 1302 4869 subiacere
1327 4807 1486 4868 volumus.
