3900 5804
823 406 897 466 Add.
921 407 999 464 Ann.
1026 402 1122 483 1484.
1150 422 1153 428 ·
1530 427 1592 489 327

331 631 469 693 vendere
493 631 740 710 consvevissent,
761 638 827 712 'que
851 629 991 692 humane
1015 643 1127 692 nature
1141 630 1181 692 ad
1196 631 1357 694 edendum
1375 633 1507 694 abusive
1526 655 1593 695 esse

330 737 540 814 videbantur;
565 739 632 820 ipse
656 751 764 799 autem
789 737 940 798 dominus
963 737 1061 798 abbas
1085 736 1124 797 ad
1149 737 1331 819 sepissimas
1363 739 1594 820 requisiciones

329 843 537 906 dominorum
561 844 661 926 ipsius
684 842 815 926 capituli
841 843 971 905 eosdem
996 843 1159 906 carnifices
1183 857 1351 926 propterea
1383 847 1544 927 castigare
1562 861 1593 909 et

329 950 512 1030 emendare,
537 952 687 1032 bonaque
711 969 826 1032 pecora
851 961 882 1012 et
905 949 1023 1010 munda
1049 969 1105 1031 per
1129 970 1184 1012 eos
1209 950 1381 1014 demactari
1404 951 1507 1014 facere
1533 953 1592 1015 mi-

330 1055 417 1117 nime
440 1057 604 1136 voluisset,
628 1056 683 1118 sed
707 1076 765 1118 nec
790 1055 910 1117 eisdem
936 1055 1076 1116 dominis
1101 1057 1241 1138 capitulo
1265 1057 1315 1118 vel
1350 1077 1462 1119 eorum
1495 1058 1593 1139 judici

329 1161 463 1224 seculari
487 1175 583 1249 prout
607 1182 644 1224 ex
668 1163 799 1243 antiqua
824 1161 1054 1222 consvetudine
1079 1162 1209 1223 solitum
1234 1176 1310 1242 erat,
1327 1163 1413 1245 ipsos
1430 1163 1594 1226 carnifices

328 1269 456 1330 racione
481 1268 564 1331 dicte
589 1287 701 1330 eorum
725 1267 818 1350 culpe
842 1266 928 1329 idem
945 1267 1096 1328 dominus
1120 1268 1219 1329 abbas
1239 1269 1353 1350 punire
1377 1271 1593 1351 permisisset;

329 1376 371 1435 ob
394 1373 456 1436 hoc
480 1394 611 1458 quoque
647 1373 771 1437 domini
806 1373 882 1434 dicti
920 1373 1050 1455 capituli
1085 1374 1118 1434 in
1153 1393 1225 1435 area
1249 1374 1392 1456 ipsorum
1427 1376 1592 1458 capitulari

328 1481 470 1563 predicta
495 1501 578 1544 nova
602 1479 756 1543 maccella
779 1498 838 1562 pro
862 1499 894 1540 se
919 1479 995 1562 ipsis
1019 1478 1189 1561 disponere
1222 1493 1252 1541 et
1275 1481 1514 1543 maccellatores
1537 1503 1594 1544 seu

329 1585 492 1650 carnifices
527 1587 685 1671 proprios,
710 1587 766 1668 qui
790 1587 874 1648 bona
907 1599 938 1646 et
971 1584 1091 1647 munda
1122 1604 1238 1667 pecora
1275 1598 1449 1648 mactarent
1482 1588 1515 1649 in
1549 1589 1594 1650 eis

328 1693 434 1755 locare
458 1693 692 1770 decrevissent;
710 1692 863 1774 quodque
888 1691 964 1752 certi
987 1711 1025 1752 ex
1049 1691 1172 1753 civibus
1196 1692 1295 1774 ipsius
1320 1691 1444 1754 domini
1469 1696 1593 1757 abbatis

328 1799 484 1881 Zagrabie
509 1813 540 1863 et
564 1801 635 1862 vico
659 1819 718 1863 suo
743 1810 980 1862 commorantes
1004 1798 1113 1877 boves,
1137 1817 1251 1880 porcos
1275 1811 1305 1860 et
1329 1799 1391 1860 alia
1417 1820 1532 1882 pecora
1556 1821 1593 1863 ac

328 1925 462 1988 pannos,
486 1907 596 1968 oleum
620 1926 745 1968 necnon
768 1905 847 1967 alias
870 1923 992 1966 merces
1015 1902 1055 1964 de
1080 1903 1225 1982 Groneia,
1258 1902 1359 1983 ltalia,
1388 1905 1539 1968 Almania
1564 1921 1594 1968 et

328 2011 400 2074 aliis
422 2013 596 2094 provinciis
619 2012 660 2074 ad
683 2025 789 2095 partes
813 2010 978 2093 Huugarie
1003 2022 1034 2070 et
1055 2029 1073 2070 e
1097 2028 1252 2072 converso
1277 2009 1316 2071 de
1332 2011 1477 2092 partibus
1501 2012 1593 2075 Hun-

326 2119 414 2200 garie
439 2131 470 2180 et
494 2119 665 2181 Sclauouie
689 2118 730 2180 ad
754 2118 884 2179 easdem
914 2115 1062 2196 regiones
1098 2128 1219 2176 exteras
1256 2113 1391 2196 deferre,
1423 2117 1593 2200 deportare

328 2243 364 2285 ac
387 2223 503 2286 deduci
527 2226 648 2306 absque
673 2225 781 2305 aliqua
805 2221 970 2284 tributaria
995 2221 1161 2284 solucione
1186 2221 1263 2304 ipsis
1288 2221 1429 2285 dominis
1453 2224 1593 2306 capitulo

328 2329 475 2392 debenda
499 2331 746 2392 consvevissent.
771 2328 991 2391 Nihilominus
1014 2341 1122 2388 tamen
1158 2325 1406 2391 reformanttbus
1441 2343 1472 2392 et
1508 2331 1592 2392 ordi-

327 2436 478 2498 nantibus
500 2437 610 2498 multis
641 2436 750 2519 probis
781 2448 812 2496 et
846 2433 1010 2496 nobilibus
1034 2433 1109 2494 viris
1143 2435 1309 2515 presertim
1345 2434 1527 2498 honorabili
1563 2450 1594 2498 et

327 2543 464 2624 egregiis
488 2541 645 2604 Michaele
677 2542 808 2604 custode
841 2554 873 2603 et
902 2540 1058 2601 canonico
1094 2539 1283 2619 chasmensi,
1316 2542 1410 2604 Petro
1442 2543 1592 2626 Bochkay

327 2649 426 2731 ipsius
450 2649 540 2730 regni
566 2649 737 2711 Sclauonie
754 2649 919 2725 vicebano‚
930 2645 1104 2727 magistris:
1130 2646 1275 2708 iohanne
1300 2647 1339 2709 de
1361 2647 1589 2732 Plethernycza

328 2753 484 2816 directore
509 2774 677 2817 causarum
701 2755 869 2836 regalium,
894 2754 994 2815 altero
1019 2753 1113 2814 Petro
1137 2752 1177 2814 de
1203 2751 1379 2815 Gwdowcz
1397 2756 1486 2836 regni
1506 2755 1591 2817 Scla-

328 2861 425 2924 uonie
448 2861 762 2944 viceprothonotario
779 2873 810 2922 et
832 2859 982 2922 Ladislao
999 2859 1038 2920 de
1055 2859 1177 2942 Velylce
1199 2860 1373 2922 castellano
1392 2860 1431 2922 de
1449 2861 1593 2923 Rathcha

327 2968 398 3029 zelo
421 2968 509 3050 pacis
531 2966 765 3048 gratulantibus
788 2966 829 3027 ad
853 2966 950 3027 talem
974 2965 1060 3048 pacis
1084 2966 1286 3027 devenissent
1310 2967 1475 3046 unionem,
1493 2968 1593 3029 immo

328 3069 525 3136 devenerunt
548 3074 648 3135 nostri
665 3074 698 3135 in
714 3073 896 3155 presencia:
912 3085 946 3132 ut
962 3071 1075 3154 prelati
1089 3071 1212 3133 domini
1231 3073 1407 3154 capitulum
1423 3074 1522 3154 ipsius
1543 3094 1592 3135 ec-

328 3179 421 3241 clesie
445 3181 661 3262 zagrabiensis
685 3199 702 3241 a
726 3179 954 3262 preparacione
979 3191 1009 3239 et
1033 3177 1240 3240 edificacione
1265 3178 1340 3239 dicti
1364 3179 1439 3240 novi
1464 3180 1590 3240 macelli

327 3286 360 3347 in
385 3287 452 3368 ipsa
476 3306 549 3348 area
573 3285 739 3367 capitulari
765 3283 904 3346 edificari
938 3285 1067 3365 incepti,
1092 3303 1131 3345 ne
1164 3284 1298 3346 macella
1331 3285 1461 3366 antiqua
1495 3285 1594 3366 ipsius

328 3391 452 3454 domini
477 3392 561 3453 Petri
585 3391 709 3453 abbatis
733 3411 768 3452 ac
793 3391 978 3452 monasterii
1004 3391 1052 3451 sui
1077 3409 1134 3471 per
1165 3389 1415 3472 disposicionem
1448 3391 1592 3451 eiusdem

327 3498 403 3559 novi
436 3497 563 3559 macelli
597 3497 792 3576 desolentur,
825 3497 1100 3578 proventibusque
1137 3496 1236 3578 ipsius
1271 3497 1395 3557 abbatis
1427 3496 1466 3558 de
1502 3496 1594 3558 dictis

328 3603 470 3665 macellis
494 3604 554 3685 ipsi
582 3603 717 3666 domino
749 3604 843 3664 Petro
874 3602 981 3663 abbati
1005 3621 1041 3663 ac
1065 3601 1260 3664 monasterio
1293 3615 1324 3664 et
1356 3603 1593 3664 successoribus

327 3710 392 3772 suis
414 3709 679 3792 provenientibus
703 3729 739 3770 ac
762 3708 802 3770 ad
833 3707 990 3769 honorem
1023 3721 1053 3769 et
1084 3707 1213 3768 laudem
1245 3707 1427 3769 beatissime
1460 3708 1593 3790 virginis

332 3816 433 3878 Marie
457 3815 517 3878 sub
542 3815 632 3877 cuius
642 3814 765 3876 honore
789 3813 869 3876 illud
886 3813 1115 3875 monasterium
1135 3827 1181 3875 est
1198 3811 1380 3892 fundatum,
1402 3813 1595 3894 dedicatum,

328 3922 515 3983 laborantur
538 3934 569 3982 et
597 3921 830 3998 minuerentur,
854 3919 981 4001 penitus
1017 3939 1138 3982 cessare
1162 3932 1193 3981 et
1216 3919 1421 4002 supersedere
1457 3920 1594 3982 debeant

328 4042 359 4091 et
380 4042 549 4092 teneantur
571 4028 628 4090 tali
651 4027 762 4106 modo,
786 4040 821 4088 ut
843 4026 910 4108 ipse
935 4024 1086 4087 dominus
1099 4025 1210 4087 Petrus
1235 4027 1333 4086 abbas
1349 4039 1380 4086 et
1396 4044 1593 4086 successores

328 4137 375 4197 sui
401 4135 520 4197 am'odo
544 4135 631 4198 etin
655 4147 819 4217 posterum
843 4133 1005 4216 perpetuis
1034 4132 1148 4194 suturis
1179 4131 1378 4213 temporibus
1409 4151 1466 4214 per
1489 4131 1591 4192 carni·

328 4241 403 4304 ficea
428 4242 555 4303 macelli
580 4241 655 4302 dicti
691 4239 876 4301 monasterii
911 4241 1006 4317 bona,
1030 4238 1160 4320 pingvia
1185 4250 1215 4298 et
1245 4237 1366 4299 munda
1401 4257 1516 4320 pecora
1540 4237 1594 4298 de-

328 4348 458 4410 mactari
483 4347 586 4409 lacere
609 4359 778 4408 teneantur
795 4359 825 4406 et
840 4346 903 4407 sint
920 4345 1066 4426 obligati,
1082 4332 1228 4425 alioquin
1245 4343 1366 4404 eisdem
1391 4340 1592 4404 carnificibus

328 4473 418 4516 secus
441 4452 642 4531 facientibus,
666 4452 692 4513 si
717 4451 820 4513 dictus
844 4451 995 4512 dominus
1019 4451 1130 4512 Petrus
1153 4449 1251 4510 abbas
1276 4468 1311 4509 ac
1332 4467 1527 4512 successores
1543 4447 1592 4508 sui

319 4559 368 4630 ,ad
392 4559 641 4642 requisicionem
665 4557 872 4619 dominorum
896 4556 1040 4617 eiusdem
1068 4554 1200 4637 capituli
1224 4554 1275 4615 vel
1307 4554 1450 4637 ipsorum
1487 4552 1591 4615 domi-

328 4685 444 4727 norum
467 4664 581 4746 judicis
603 4663 789 4746 temporalis
813 4663 899 4744 ipsos
922 4661 1084 4724 carnifices
1108 4661 1266 4742 corrigere
1292 4673 1322 4722 et
1346 4659 1517 4722 emandare
1543 4679 1591 4720 re-

328 4771 484 4834 cusaverit
507 4771 559 4831 vel
582 4789 778 4832 successores
801 4769 850 4831 sui
874 4769 1008 4848 nollent,
1022 4780 1136 4829 extunc
1161 4767 1260 4828 iidem
1275 4766 1398 4828 domini
1414 4764 1591 4847 capitulum

328 4877 380 4938 vel
403 4876 499 4959 judex
520 4875 584 4957 jam
608 4876 710 4938 dictus
734 4895 788 4938 eos
812 4889 906 4957 prout
939 4895 976 4936 ex
1008 4875 1140 4955 antiqua
1173 4871 1403 4934 consvetudine
1434 4869 1591 4948 solebant,
