3752 5806
435 533 470 594 18
852 535 924 595 Doc.
949 530 998 596 [ό.
1024 568 1064 578 -
1088 535 1145 593 An.
1170 548 1260 611 1502.

430 760 552 824 facturi.
578 762 782 824 Presentibus
805 761 962 844 perlectis,
986 761 1147 824 exhibenti
1180 762 1343 826 restitutis.
1367 764 1484 826 Datum
1511 765 1542 825 in
1568 765 1694 847 palacio

429 882 538 930 nostro
563 867 740 930 chasmensi
766 867 843 930 feria
867 869 979 950 quinta
1002 869 1148 952 proxima
1171 882 1243 951 post
1260 869 1454 932 dominicam
1473 869 1580 932 Oculi.
1597 874 1695 932 Anno

430 976 554 1038 domini
578 975 752 1037 millesimo
776 976 1035 1058 quingentesimo
1058 976 1212 1040 secundo.

536 1115 673 1183 Originale
692 1117 717 1168 in
737 1119 835 1168 charta.
850 1117 876 1168 ln
896 1117 1013 1182 margine
1033 1117 1151 1170 interiori
1171 1118 1328 1181 impressum
1348 1123 1390 1168 est
1409 1117 1534 1182 sigillum.
1549 1116 1576 1168 lo
1595 1118 1696 1170 archiv.

430 1219 488 1256 ven.
508 1206 571 1270 Cap.
591 1208 697 1272 zagrab.
715 1206 772 1258 Act.
793 1206 856 1270 Cap.
876 1210 928 1257 ant.
948 1206 1010 1256 fasc.
1031 1207 1071 1258 95,
1093 1221 1131 1256 nr.
1155 1208 1193 1257 10.

443 1701 446 1707 .
535 1649 609 1701 Anno
631 1647 765 1714 1502,1s.
786 1647 946 1700 novembris.

429 1792 568 1852 Andreae
590 1794 736 1870 Krajalil
754 1794 877 1866 legatum
895 1789 1120 1866 praebendariis
1142 1794 1271 1852 ccclesiae
1293 1794 1470 1853 cathedralis
1493 1793 1696 1872 zagrobiensis

880 1905 1044 1956 testamento
1067 1899 1250 1972 adscriptum.

536 2057 568 2118 ln
594 2056 724 2122 nomine
749 2055 884 2118 domini.
908 2059 1024 2116 Amen.
1050 2059 1146 2117 Anno
1171 2056 1315 2118 eiusdem
1339 2056 1512 2118 millesimo
1536 2054 1695 2135 quingen·

430 2163 544 2225 tesimo
568 2161 721 2239 secundo,
743 2158 821 2222 feria
845 2161 941 2223 tercia
965 2161 1111 2242 proxima
1134 2175 1206 2244 post
1230 2161 1346 2224 festum
1370 2163 1454 2225 beati
1479 2161 1593 2223 Briccii
1618 2179 1695 2222 con-

430 2269 567 2332 fessoris.
608 2269 642 2330 ln
673 2267 805 2329 honesta
837 2268 936 2329 domo
967 2267 1130 2330 nobilitari
1162 2269 1280 2330 nobilis
1311 2269 1408 2330 Blasii
1433 2268 1473 2330 de
1507 2268 1694 2349 Progowcz,

430 2373 544 2436 sororii
570 2373 719 2435 videlicet
735 2373 809 2451 mei,
826 2392 887 2455 ego
904 2372 1049 2436 Andreas
1065 2372 1105 2434 de
1123 2373 1293 2456 Kamarya,
1310 2387 1403 2435 natus
1419 2373 1558 2434 condam
1575 2373 1695 2434 nobilis

430 2480 584 2542 lobannis
616 2478 823 2561 Crayachych
849 2479 888 2542 de
920 2477 1045 2558 eadem,
1069 2478 1175 2561 jacens
1205 2479 1238 2540 in
1263 2479 1345 2543 lecto
1369 2479 1474 2561 gravis
1499 2477 1694 2540 infirmitatis

430 2606 512 2662 mee,
536 2586 609 2647 licet
642 2605 716 2666 eger
747 2604 880 2667 corpore
911 2599 1018 2648 mente
1048 2599 1156 2646 tamen
1187 2605 1243 2667 per
1277 2585 1386 2647 omnia
1407 2604 1513 2664 sanus,
1537 2585 1577 2646 de
1601 2585 1695 2646 bonis

430 2693 521 2771 meis,
542 2690 621 2752 mihi
650 2711 667 2752 a
697 2691 759 2752 deo
792 2691 884 2770 datis,
910 2689 1015 2752 condo
1049 2703 1079 2752 et
1110 2689 1192 2752 facio
1223 2692 1286 2752 tale
1314 2705 1550 2754 testamentum.
1575 2691 1694 2768 Primo,

429 2798 570 2859 animam
602 2816 709 2858 meam
741 2797 934 2858 commendo
963 2797 1024 2858 deo
1049 2797 1182 2859 creatori
1206 2817 1291 2876 meo,
1315 2817 1430 2880 corpus
1453 2817 1531 2859 vero
1555 2811 1637 2858 terre
1662 2798 1693 2858 in

429 2923 518 2966 sacro
542 2905 615 2966 loco
639 2903 872 2986 sepeliendum.
890 2905 966 2965 ltern
991 2903 1138 2965 omnium
1162 2922 1267 2964 rerum
1288 2903 1320 2965 in
1344 2903 1477 2985 registro
1494 2904 1694 2986 presentibus

430 3010 554 3072 incluso
578 3010 840 3092 conscriptarum,
862 3029 976 3091 puram
1000 3009 1205 3070 medietatem
1239 3023 1270 3070 et
1292 3009 1432 3071 totaliter
1456 3009 1529 3090 lego
1553 3009 1694 3071 dominis

430 3115 649 3198 prebendariis
674 3115 761 3177 chori
785 3115 917 3177 ecclesie
941 3115 1166 3197 zagrabiensis,
1182 3128 1217 3176 ut
1234 3115 1330 3176 iidem
1355 3135 1413 3198 pro
1437 3115 1544 3177 anima
1568 3136 1641 3178 mea
1665 3129 1694 3178 et

429 3221 702 3304 predecessorum,
723 3235 891 3304 parentum
915 3221 1065 3282 videlicet
1088 3240 1246 3300 meorum,
1270 3221 1381 3283 missas
1405 3235 1436 3283 et
1460 3221 1592 3284 devotas
1617 3222 1694 3284 alias

430 3328 596 3390 oraciones
628 3327 730 3389 lacere
763 3326 910 3390 debeant.
936 3327 1025 3401 Quas
1056 3327 1176 3389 scilicet
1204 3347 1253 3388 res
1276 3327 1362 3410 apud
1386 3327 1530 3390 relictam
1554 3329 1693 3390 condam

430 3434 555 3496 Nicolai
590 3435 757 3495 baccalarii
793 3434 832 3496 de
868 3435 1040 3516 prescripta
1075 3435 1245 3516 Kamarya,
1280 3453 1365 3496 nunc
1399 3453 1476 3496 vero
1511 3449 1693 3497 consortem

430 3540 596 3601 cuiusdam
621 3540 740 3602 Mathia
766 3540 881 3620 vocati,
898 3541 1060 3621 requirere
1084 3539 1258 3618 habebunt,
1276 3540 1429 3621 quoniam
1454 3540 1521 3621 ipse
1549 3561 1599 3604 res
1623 3557 1695 3623 post

430 3659 566 3708 mortem
597 3645 711 3728 prefati
743 3648 840 3728 patris
869 3647 968 3708 nostri
1000 3647 1082 3708 inter
1114 3667 1174 3708 nos
1207 3666 1306 3727 usque
1332 3648 1364 3708 in
1388 3646 1580 3708 hodiernum
1606 3647 1693 3709 diem

431 3752 559 3814 luerunt
590 3751 743 3828 indivise;
768 3752 808 3813 de
840 3753 1091 3834 quibusquidem
1126 3753 1220 3813 rebus
1248 3752 1287 3812 ad
1312 3751 1493 3833 sepissimas
1516 3753 1694 3834 peticiones

430 3878 528 3938 meas,
552 3857 666 3919 eadem
690 3857 822 3919 domina
845 3857 916 3941 glos
938 3877 1010 3920 mea
1034 3877 1106 3920 curn
1136 3857 1222 3919 dicto
1246 3858 1315 3919 viro
1339 3877 1397 3918 suo
1413 3856 1589 3940 [nunquam
1615 3859 1693 3920 mihi

430 3965 617 4048 porcionem
651 3964 725 4026 dare
758 3978 908 4026 curarunt
939 3978 969 4026 et
997 3984 1102 4045 neque
1131 3977 1243 4026 curant
1267 3965 1362 4026 etiam
1387 3963 1420 4025 in
1444 3964 1694 4046 presenciarum.

431 4071 585 4134 Similiter
609 4083 640 4132 et
662 4071 849 4152 porcionem
875 4090 980 4132 meam
1003 4071 1271 4152 possesionariam
1295 4070 1327 4132 in
1352 4069 1465 4131 eadem
1482 4071 1644 4153 Kamarya
1663 4085 1694 4132 et

429 4178 635 4260 pertinenciis
670 4177 738 4239 eius
774 4177 933 4256 habitam,
965 4177 1118 4238 hactenus
1152 4176 1374 4259 potencialiter
1414 4176 1627 4258 possederunt
1662 4191 1693 4238 et

429 4284 594 4366 possident
610 4283 642 4344 in
659 4285 808 4366 presenti,
826 4284 865 4344 de
882 4303 944 4364 qua
962 4283 1063 4344 eciam
1079 4295 1150 4366 post
1166 4295 1302 4344 mortem
1321 4281 1424 4343 fratris
1439 4283 1503 4344 mei
1520 4283 1692 4344 minimum

430 4389 641 4470 quadrantem
665 4409 729 4450 non
756 4389 922 4468 dederunt,
940 4409 1012 4451 curn
1037 4390 1138 4450 immo
1161 4408 1218 4470 pre
1239 4388 1347 4450 nimiis
1367 4389 1462 4450 minis
1479 4389 1554 4450 dicti
1571 4389 1692 4450 Mathia

429 4515 487 4556 nec
511 4516 606 4557 ausus
639 4495 683 4556 lui
708 4495 780 4556 illac
805 4495 954 4558 accedere
985 4509 1016 4557 et
1039 4495 1102 4576 jam
1126 4507 1199 4556 sunt
1222 4507 1293 4576 post
1327 4508 1464 4556 mortem
1487 4493 1563 4555 dicti
1589 4492 1694 4556 fratris

429 4601 492 4662 mei
518 4603 593 4663 certi
625 4601 699 4662 anni
732 4601 842 4684 elapsi.
867 4601 965 4683 lgitur
996 4601 1021 4662 si
1046 4600 1131 4682 juxta
1155 4601 1322 4662 arbitrium
1355 4601 1570 4677 proboruma
1602 4613 1692 4662 tanto

429 4719 573 4787 tempore
612 4707 651 4768 de
690 4708 899 4788 percepcione
935 4706 1096 4768 fructuum
1132 4707 1213 4768 dicte
1249 4705 1411 4789 porcionis
1443 4707 1693 4787 possessionarie

429 4813 551 4892 aliquid
576 4832 627 4873 me
652 4814 859 4892 concernerit,
883 4813 964 4874 illud
988 4813 1108 4874 eisdem
1131 4812 1204 4893 lego
1229 4811 1369 4872 dominis
1385 4811 1604 4892 prebendariis
1621 4833 1692 4894 pre·

429 4919 564 5000 scriptis.
588 4919 791 4981 Presentibus
822 4920 942 4982 ibidem
974 4919 1156 4982 honorabili
1181 4918 1352 4980 Dominico
1384 4918 1523 4999 plebano
1547 4918 1579 4979 in
1607 4919 1691 4980 dicta

429 5025 614 5107 Progowcz,
639 5024 819 5089 confessore
843 5047 901 5110 pro
925 5041 1000 5088 tunc
1022 5045 1096 5088 meo
1120 5038 1151 5086 et
1167 5025 1319 5107 scriptore
1334 5024 1547 5108 presencium,
1563 5044 1690 5086 necnon
