3732 5802
602 491 677 554 Duc.
702 506 767 554 rto,
795 523 832 536 -
859 492 916 552 An.
941 505 1028 569 1515.
1385 515 1442 577 ¹²9

147 717 312 778 -utendas
345 731 376 779 et
407 718 617 800 possidendas
641 719 822 801 relinquere
846 719 988 781 debeatis
1013 733 1043 781 et
1066 722 1251 800 teneamini,
1276 742 1316 786 ne
1340 737 1444 805 partes
1495 739 1506 752 ³

176 824 259 885 inter
283 824 368 906 ipsas
391 825 558 887 occasione
580 825 707 910 illarum
731 825 802 886 lites
830 825 997 887 ulteriores
1014 839 1044 887 et
1061 826 1275 890 dissensiones
1290 830 1443 892 oriantur.

177 928 277 990 Secus
299 949 364 990 non
392 931 514 992 facturi.
539 931 743 993 Presentibus
766 932 924 1014 perlectis,
949 931 1110 994 exhibenti
1136 934 1296 998 restitutis.
1325 935 1444 997 Datum

177 1034 268 1096 Bude
302 1035 379 1097 feria
406 1038 501 1098 tercia
524 1037 677 1119 proxima·
693 1049 765 1118 post
789 1037 984 1099 dominicam
1014 1039 1242 1100 Reminiscere.
1269 1043 1362 1102 Anno
1387 1041 1445 1104 do·

177 1141 256 1202 mini
281 1142 457 1204 millesimo
480 1142 740 1225 quingentesimo
763 1143 891 1205 decimo
915 1145 1039 1225 quinto.

695 1266 827 1328 Relacio
851 1266 1011 1348 magnifici
1035 1268 1159 1330 domini
1184 1270 1287 1352 Moysi
1313 1271 1445 1356 Buzlay,

751 1355 893 1436 magistri
917 1355 1003 1418 curie
1027 1357 1113 1438 regie
1138 1357 1321 1422 Maiestatis.

285 1491 424 1556 Originale
443 1492 468 1543 ia
488 1493 586 1544 charta.
612 1493 640 1544 ln
662 1494 778 1558 margine
804 1495 923 1546 inferiori
943 1495 1100 1560 impressam
1119 1501 1161 1547 est
1180 1495 1304 1563 slgillum.
1325 1499 1351 1550 la
1375 1501 1446 1552 arch.

178 1579 237 1630 incl.
255 1580 356 1630 Accad.
376 1579 468 1632 acient.
488 1579 591 1635 Slavor.
610 1582 702 1635 merid.

775 1833 856 1900 110.

285 1971 361 2022 Anno
384 1970 459 2035 1515,
481 1972 521 2024 19.
540 1969 633 2024 martii.
656 1971 813 2037 Zagrablae.

188 2099 354 2172 Capitulum
373 2097 489 2171 sagrab.
509 2100 706 2157 communitati
722 2099 851 2158 civitatib
871 2118 965 2158 omnm
988 2101 1115 2175 injurias
1134 2119 1208 2176 agro
1226 2104 1348 2176 capituli
1366 2103 1450 2178 Krog

693 2207 794 2264 illatas
815 2207 943 2280 ignoscit.

287 2344 355 2404 Nos
386 2343 562 2426 capitulum
594 2343 726 2406 ecclesie
751 2343 974 2426 zagrabiensis.
1001 2343 1156 2405 Memoria
1181 2346 1449 2408 commendamus

181 2464 292 2512 tenore
329 2451 530 2532 presencium
569 2449 784 2532 significantes
823 2451 941 2532 quibus
979 2449 1107 2532 expedit
1145 2451 1310 2514 universis.
1347 2450 1447 2525 Quod

182 2557 331 2637 quamvis
367 2569 451 2618 certe
490 2556 571 2636 lites,
609 2577 702 2618 causa
740 2569 771 2618 et
810 2575 902 2618 cause
941 2569 1050 2617 contra
1090 2569 1120 2616 et
1159 2555 1310 2618 adversus
1347 2569 1448 2618 totam

182 2662 482 2724 commmunitatem
507 2662 621 2743 regalis
645 2662 780 2724 civitatis
804 2661 923 2724 montis
948 2659 1116 2723 Grecensis
1140 2661 1267 2723 racione
1292 2675 1449 2723 certarum

182 2769 384 2846 iniuriarum,
407 2767 621 2848 dampnorum
655 2781 686 2828 et
717 2779 986 2829 nocumentorum
1018 2786 1074 2848 per
1105 2767 1240 2829 eandem
1269 2768 1450 2830 communi·

181 2889 279 2936 tatem
312 2874 407 2935 nobis
439 2873 471 2934 in
503 2872 587 2934 facto
620 2874 828 2955 possessionis
861 2885 967 2934 nostre
1001 2872 1112 2953 Krogh
1140 2885 1251 2935 vocate
1275 2873 1450 2952 illatorum,

183 2979 263 3043 infra
295 2980 471 3042 claustrum
497 2981 596 3041 sancti
627 2980 751 3041 Nicolai
780 2977 971 3042 confessoris
994 2977 1127 3040 fratrum
1156 2979 1279 3040 ordinis
1304 2979 1450 3040 Predica-

181 3101 289 3149 torum
313 3086 414 3148 sancti
439 3085 611 3164 Dominici‚
636 3085 668 3146 in
693 3086 847 3147 comitatu
871 3085 1069 3166 zagrabiensi
1094 3086 1255 3146 existentis
1274 3098 1305 3148 et
1321 3104 1450 3146 suarum

183 3191 454 3276 pertinenciarum
479 3211 535 3272 per
558 3210 617 3252 nos
641 3190 799 3270 inchoate,
824 3203 932 3252 exorte
957 3201 989 3251 et
1011 3203 1100 3273 cepte
1122 3188 1249 3269 fuerint,
1271 3191 1451 3274 exindeque

183 3299 222 3360 ad
254 3311 360 3360 certos
391 3311 479 3358 actus
510 3295 694 3378 judiciarios
726 3317 832 3358 coram
864 3295 1223 3378 personalipresencia
1256 3296 1450 3359 serenissimi

184 3405 338 3487 principis
369 3417 400 3464 et
431 3402 566 3481 domini,
591 3401 713 3464 domini
739 3403 910 3464 Wladislai
939 3401 989 3463 dei
1014 3402 1119 3484 gracia
1145 3402 1311 3484 Hungarie
1337 3417 1367 3464 et
1389 3403 1451 3465 Bo·

185 3511 290 3573 hemie
326 3523 386 3573 etc.
417 3509 510 3591 regis,
535 3508 658 3570 domini
691 3509 790 3570 nostri
821 3509 1047 3590 graciosissimi
1079 3529 1262 3592 processum
1297 3508 1451 3584 extiterit;

184 3631 292 3678 tamen
326 3635 385 3677 nos
414 3615 526 3697 pocius
557 3614 702 3676 volentes
731 3635 799 3678 esse
821 3615 976 3676 zelatores
999 3615 1096 3698 pacis,
1120 3633 1218 3697 quam
1242 3613 1453 3676 seminatores

186 3723 356 3801 discordie,
386 3721 478 3783 certis
509 3721 610 3782 eciam
641 3721 892 3783 racionabilibus
923 3721 962 3782 de
995 3721 1097 3782 causis
1129 3719 1273 3781 animum
1308 3733 1450 3781 nostrum

187 3829 225 3891 ad
256 3831 290 3891 id
322 3829 537 3906 moventibus,
562 3827 698 3888 eandem
723 3828 987 3888 communitatem
1013 3826 1052 3887 de
1077 3839 1107 3888 et
1128 3845 1224 3908 super
1247 3825 1399 3886 omnibus
1422 3841 1453 3886 et

187 3937 322 4018 singulis
351 3933 577 3996 huiuscemodi
613 3933 747 4010 iniuriis,
771 3932 920 4014 dampnis
953 3946 984 3993 et
1009 3915 1210 3994 nocumentis
1240 3929 1359 3992 lactum
1383 3951 1453 4014 pre-

123 4063 126 4068 ·
188 4055 267 4103 tacte
293 4040 503 4122 possessionis
528 4038 638 4120 Krogb
670 4051 781 4100 vocate
809 4037 1024 4118 tangentibus,
1048 4037 1190 4118 quietam
1216 4051 1246 4098 et
1269 4036 1451 4119 expeditam

189 4147 418 4225 commisimus,
440 4147 539 4207 immo
564 4144 728 4206 reddimus
752 4157 782 4206 et
803 4137 1034 4206 committimus
1058 4141 1163 4203 modis
1187 4142 1338 4203 omnibus
1362 4141 1455 4202 abso·

189 4254 300 4333 lutam,
334 4267 365 4315 et
399 4251 628 4314 nichilominus
665 4251 785 4311 litteras
820 4249 962 4312 causales
997 4261 1028 4309 et
1062 4248 1211 4309 litteralia
1243 4247 1455 4309 instrumenta

189 4361 316 4422 racione
351 4357 537 4421 huiusmodi
572 4356 771 4436 injuriarum,
804 4356 1018 4437 dampnorum
1051 4367 1082 4416 et
1114 4368 1385 4416 nocumentorum
1418 4373 1455 4414 ex

190 4479 276 4548 parte
309 4465 392 4526 dicte
424 4462 634 4546 possessionis
666 4473 772 4523 nostre
798 4461 909 4542 Krogb
937 4460 1093 4522 factorum
1119 4458 1354 4540 quoquomodo
1379 4477 1456 4520 con-

192 4571 287 4634 iectas
318 4587 349 4632 et
381 4581 538 4646 emanata,
570 4587 678 4646 vanas,
709 4587 811 4629 cassas
842 4581 873 4630 et
903 4568 1024 4628 viribus
1057 4565 1208 4627 carituras
1245 4565 1458 4645 relinquimus

191 4677 335 4739 similiter
366 4695 422 4758 per
453 4687 624 4757 presentes.
650 4674 768 4735 Datum
797 4673 875 4735 feria
906 4672 1046 4735 secunda
1070 4671 1215 4753 proxima
1239 4683 1312 4732 ante
1337 4669 1454 4732 festum

192 4784 272 4845 beati
313 4781 478 4844 Benedicti
517 4781 650 4842 abbatis.
686 4783 782 4842 Anno
817 4780 942 4842 domini
980 4777 1154 4840 millesimo
1192 4777 1455 4858 quingentesimo

192 4889 444 4971 quintodecimo.

296 5011 433 5078 Originale
459 5012 485 5062 in
512 5013 609 5064 charta.
636 5011 662 5062 ln
688 5010 786 5062 archiv.
811 5025 869 5060 ven.
897 5007 983 5072 Capit.
1003 5009 1067 5059 eccl.
1093 5009 1199 5074 zagrab.
1221 5009 1283 5059 Act.
1303 5004 1389 5068 Capit.
1411 5007 1457 5054 ant

192 5101 254 5154 fasc.
277 5101 316 5153 10.
337 5113 375 5153 nr.
395 5101 421 5153 2.
1332 5097 1351 5158 9
