3752 5806
642 567 717 628 Doc.
735 581 770 644 3.
787 600 831 611 —
853 569 911 631 An.
931 581 1018 644 1500.
1446 592 1460 650 5

193 787 458 872 (instrumentum
481 811 538 873 per
561 791 661 852 aliurn
682 790 819 854 fideliter
842 795 1007 876 scripturn,
1023 794 1097 857 licet
1118 795 1188 856 aliis
1203 816 1262 878 pro
1279 811 1353 859 tunc
1371 798 1463 860 certis

192 915 244 956 me
260 910 421 977 occupato
438 897 581 978 negociis
597 896 795 958 arduissimis
819 900 934 962 exinde
958 900 1093 984 confeci)
1112 913 1142 963 et
1160 902 1193 964 io
1206 901 1286 965 banc
1300 903 1463 986 publicam

192 999 331 1062 formam
364 1001 487 1084 redegi,
510 1004 667 1084 signoque
700 1016 731 1064 et
754 1005 885 1067 nomine
913 1005 960 1089 (ac
984 1007 1234 1090 subscripcione)
1258 1010 1339 1071 meis
1361 1009 1464 1072 solitis

192 1119 223 1168 et
254 1109 434 1185 concretis;
473 1129 610 1171 unacum
647 1110 843 1192 appensione
879 1113 976 1194 sigilli
1022 1111 1136 1195 prelati
1176 1113 1300 1176 domini
1336 1113 1462 1176 Allonsi

189 1213 348 1295 prepositi
374 1234 409 1276 ac
434 1215 588 1298 Stephani
613 1226 645 1276 et
669 1215 809 1277 Ladislai
835 1219 964 1280 testium
988 1263 1129 1280 .....

301 1407 440 1472 Originale
469 1409 495 1458 io
524 1411 743 1475 membranacea
771 1411 895 1464 lacerum.
914 1411 942 1462 la
967 1411 1064 1466 archiv.
1084 1426 1142 1462 ven.
1166 1411 1252 1476 Capit.
1277 1413 1384 1477 ragrab.
1403 1411 1460 1464 Act.

191 1495 622 1559 wmmumwmss.

813 1727 848 1794 3.

245 1967 252 1997 Ι
297 1919 373 1970 Anno
396 1919 471 1978 1500,
493 1921 532 1971 lo.
551 1921 652 1985 aprilis.
672 1921 770 1972 Badae.

188 2061 298 2137 Lucas,
317 2063 462 2136 qiuccpus
483 2064 692 2140 sagrabtensis,
709 2071 793 2140 velat,
810 2083 845 2123 ne
860 2083 950 2140 quem,
965 2065 1081 2124 etiamsi
1098 2067 1210 2123 litteras
1225 2067 1304 2144 regis
1322 2083 1460 2124 commen·

191 2164 321 2226 datao'as
344 2167 459 2245 habeat,
483 2171 640 2244 capitulum
663 2172 724 2228 sinc
742 2173 832 2245 ipsius
847 2170 1050 2230 constitutione
1064 2171 1231 2228 canonicum
1246 2171 1461 2246 zagrabt‘ensem

750 2277 894 2337 instituat.

303 2430 512 2493 Venerabiles
547 2431 658 2494 fratres
692 2433 791 2494 nostri
828 2433 991 2494 carissimi.
1031 2433 1104 2494 Non
1140 2431 1325 2494 dubitamus
1361 2433 1461 2496 Vobis

191 2548 338 2598 constare
363 2537 539 2598 nonnullos
563 2558 642 2616 esse,
666 2539 722 2619 qui
745 2557 763 2599 a
787 2538 951 2600 Maiestate
976 2537 1062 2618 regia
1085 2557 1145 2620 pro
1169 2538 1404 2619 consequendis
1428 2539 1460 2600 in

191 2641 244 2702 illa
269 2643 404 2704 ecclesia
437 2657 544 2706 nostra
573 2643 746 2722 beneficiis,
769 2644 890 2705 litteras
914 2645 1126 2726 expectativas
1151 2644 1369 2725 impetrarunt.
1394 2645 1461 2706 Nos

190 2749 293 2810 eciem
311 2761 472 2811 certorum
491 2750 668 2811 amicorum
685 2763 869 2812 nostrorum
894 2749 1086 2832 importunis
1101 2749 1251 2832 precibus
1267 2749 1352 2829 victi,
1369 2751 1461 2812 certis

189 2854 338 2934 personis
362 2873 458 2936 super
481 2855 598 2916 talibus
626 2855 831 2936 expectativis
855 2855 977 2932 litteris,
1001 2867 1146 2916 nostrum
1174 2875 1365 2917 consensum
1389 2876 1459 2937 pre-

192 2959 323 3020 buimus
356 2958 573 3021 mediantibus
608 2961 720 3022 litteris
755 2961 880 3022 nostris.
914 2961 953 3022 Et
990 2961 1066 3043 quia
1097 2962 1257 3023 credimus
1292 2962 1358 3023 Vos
1393 2981 1459 3024 non

188 3065 351 3145 ignorare,
388 3065 476 3146 quod
513 3086 569 3148 per
604 3066 724 3128 similes
756 3066 862 3128 literas
894 3068 1106 3149 expectativas
1142 3068 1250 3130 nullus
1282 3069 1314 3129 in
1348 3069 1458 3150 aliquo

189 3169 349 3233 beneficio
373 3172 434 3233 sibi
458 3170 507 3252 jus
530 3172 663 3254 aliquod
687 3172 856 3234 vendicare
880 3186 994 3255 potest,
1020 3173 1162 3235 accidit.
1188 3219 1195 3235 .
1221 3221 1228 3235 .
1253 3187 1288 3235 ut
1311 3175 1459 3236 Maiestas

191 3278 280 3358 regia
296 3297 394 3359 super
417 3278 569 3340 omnibus
593 3277 755 3340 beneficiis
779 3279 812 3340 in
837 3279 904 3360 ipsa
921 3279 1053 3341 ecclesia
1076 3279 1279 3342 conferendis
1294 3280 1388 3342 nobis
1403 3300 1460 3362 per

188 3401 261 3444 suas
283 3382 407 3444 litteras
430 3383 479 3464 jus
509 3397 694 3465 patronatus
726 3384 872 3462 contulit,
896 3403 975 3465 quas
1006 3385 1113 3447 literas
1148 3386 1212 3446 iam
1243 3385 1309 3447 Vos
1341 3385 1458 3448 vidisse

188 3489 393 3550 arbitramur.
428 3490 507 3550 Earn
540 3491 583 3551 ob
616 3509 683 3552 rem
715 3509 866 3571 rogamus
896 3491 962 3552 Vos
995 3503 1161 3572 tamquam
1193 3489 1303 3552 fratres
1333 3505 1458 3554 nostros

189 3593 405 3674 charissimos,
431 3608 465 3656 ut
495 3595 521 3656 si
554 3595 609 3678 qui
643 3594 723 3658 forte
757 3595 927 3658 institerint
958 3596 1044 3678 apud
1067 3597 1132 3659 Vos
1163 3598 1195 3658 in
1224 3597 1458 3678 consequendis

189 3700 356 3762 beneficiis
380 3720 453 3762 cum
479 3701 554 3783 ipsis
577 3701 677 3762 literis
700 3703 904 3784 expectativis
928 3715 1037 3764 contra
1053 3702 1122 3783 jura
1143 3715 1260 3783 nostra,
1278 3703 1341 3764 iam
1357 3703 1457 3765 ‘vobis

189 3820 276 3886 nota,
302 3806 467 3867 neminem
492 3825 529 3868 ex
554 3806 618 3868 illis
641 3807 822 3889 acceptetis,
846 3808 1000 3888 quoniam
1025 3809 1092 3870 Nos
1115 3811 1336 3890 auctoritatem
1360 3808 1456 3869 simul

190 3925 220 3973 et
244 3905 515 3973 informacionem
539 3911 688 3973 dedimus
708 3913 883 3974 venerabili
900 3913 1034 3976 domino
1052 3913 1177 3976 Simoni
1194 3914 1328 3992 doctori,
1345 3912 1456 3974 factori

192 4030 313 4096 nostro,
348 4018 466 4098 quibus
490 4016 644 4079 beneficia
669 4017 701 4078 in
726 4031 831 4080 nostra
860 4019 1007 4080 absencia
1031 4033 1179 4081 vacatura
1204 4017 1355 4081 conferat.
1381 4019 1456 4081 Post

191 4121 316 4213 felicem
343 4141 419 4184 vero
443 4122 617 4184 adventum
640 4137 786 4184 nostrum
804 4125 835 4184 in
853 4124 941 4185 illam
958 4124 1136 4204 ecclesiam,
1153 4126 1177 4185 si
1196 4145 1258 4206 que
1275 4125 1457 4185 vacaverint

190 4247 263 4288 curn
287 4241 394 4289 vestro
418 4228 553 4290 consilio
585 4229 703 4290 talibus
734 4229 946 4309 conferemus,
970 4231 1026 4311 qui
1052 4231 1111 4312 ipsi
1141 4230 1272 4292 ecclesie
1298 4230 1456 4311 imprimis

190 4347 220 4394 et
243 4333 381 4394 subinde
407 4334 501 4395 nobis
525 4347 556 4395 et
580 4334 681 4395 eciam
705 4333 806 4394 Vobis
837 4334 931 4396 utiles
955 4349 1056 4396 erunt.
1081 4334 1257 4416 Reliquum
1286 4347 1342 4414 est,
1367 4334 1455 4415 quod

191 4439 254 4499 Vos
288 4451 455 4520 tamquam
488 4438 598 4500 iratres
628 4440 749 4522 optime
781 4439 887 4501 valere
920 4439 1149 4502 desideramus.
1174 4441 1220 4500 Ex
1252 4439 1344 4500 Euda
1377 4439 1455 4500 feria

190 4558 301 4624 quarta
327 4543 457 4606 maioris
480 4543 671 4607 ebdomade.
697 4565 788 4625 1500.
1088 4533 1090 4537 ¹

297 4686 400 4746 Lucas
423 4684 543 4746 electus
566 4685 699 4747 ecclesie

339 4773 565 4854 zagrabiensis‚
588 4793 687 4835 manu
710 4775 849 4857 propria.

295 4963 431 5031 originale
452 4965 478 5016 ia
497 4967 594 5018 charta.
613 4965 634 5016 Α
652 4973 730 5031 tergo
751 4967 908 5032 impressum
928 4971 970 5018 est
989 4967 1114 5032 sigillum.
1134 4967 1162 5017 ln
1181 4965 1279 5018 archiv.
1294 4981 1350 5020 ven.
1368 4967 1453 5032 Capit.

190 5055 295 5118 zagrab.
315 5053 373 5104 Act.
393 5053 456 5118 Cap.
477 5060 528 5108 aot.
548 5053 612 5106 lasc.
632 5055 674 5107 91.
694 5069 732 5106 nr.
751 5056 792 5108 27.
