3752 5806
413 561 448 604 12
852 545 926 604 Doc.
941 559 973 620 9.
996 578 1031 589 -
1060 543 1114 604 Aa.
1131 557 1218 621 1501.

407 773 536 854 populis
567 786 598 833 et
629 772 743 834 incolis
774 773 918 834 eiusdem
952 793 989 833 ex
1028 772 1187 834 tricesima
1223 785 1331 834 nostra
1362 771 1449 833 illius
1477 773 1551 852 loci,
1576 791 1673 854 quam

408 878 557 940 videlicet
589 879 686 940 iidem
718 879 803 940 cives
835 878 958 940 ibidem
989 878 1028 940 de
1054 881 1148 940 rebus
1172 891 1203 940 et
1224 878 1384 939 mercibus
1411 897 1524 939 eorum
1549 879 1673 940 solvere

408 983 537 1063 habent,
563 983 643 1046 infra
667 984 764 1046 trium
789 1003 948 1046 annorum
972 985 1077 1067 spacia
1094 1005 1112 1045 a
1131 983 1204 1045 data
1223 983 1426 1067 presencium
1442 983 1673 1066 computando,

409 1091 595 1172 quottannis
618 1091 747 1172 triginta
771 1091 853 1152 duos
876 1091 1016 1152 florenos
1040 1089 1247 1152 defalcandos
1270 1102 1302 1151 et
1317 1089 1516 1168 relaxandos,
1533 1089 1675 1171 ipsisque

408 1197 536 1259 civibus
562 1196 687 1258 dandos
710 1209 742 1259 et
765 1195 967 1278 deputandos
999 1196 1159 1276 duximus,
1184 1197 1285 1258 immo
1314 1193 1511 1258 defalcamus
1534 1215 1570 1257 ac
1593 1195 1674 1257 rela-

408 1320 528 1381 xamus,
554 1302 732 1384 damusque
757 1315 788 1365 et
811 1302 1002 1386 deputamus
1029 1303 1231 1385 presencium
1254 1321 1311 1384 per
1334 1302 1489 1384 vigorem.
1514 1301 1675 1376 Quocirca

408 1407 509 1486 vobis,
533 1407 683 1469 fidelibus
706 1409 833 1488 nostris,
856 1409 993 1491 egregiis
1016 1407 1300 1470 tricesimatoribus
1323 1407 1488 1490 prescripti
1512 1407 1587 1486 loci,
1604 1427 1675 1489 pre·

409 1512 551 1574 sentibus
574 1513 694 1574 scilicet
718 1526 749 1576 et
773 1512 898 1595 futuris,
920 1527 1083 1596 presentes
1106 1513 1230 1593 visuris,
1251 1513 1366 1576 harum
1389 1513 1470 1576 serie
1493 1513 1675 1575 firmissime

409 1618 640 1680 committimus
664 1631 696 1680 et
719 1619 908 1700 mandanus,
925 1633 1083 1701 quatenus
1106 1618 1237 1702 prelatis
1260 1619 1384 1682 civibus
1407 1631 1438 1682 et
1460 1617 1575 1682 incolis
1591 1619 1676 1681 dicte

410 1723 545 1784 civitatis
557 1725 837 1806 Montisgrecensis
853 1745 890 1787 ex
907 1726 1066 1788 tricesima
1079 1744 1202 1804 eorum,
1217 1743 1316 1807 quam
1332 1725 1442 1804 iidem,
1455 1737 1490 1787 ut
1506 1723 1665 1806 prefertur

409 1829 449 1890 de
463 1829 558 1890 rebus
570 1849 682 1891 eorum
695 1831 819 1892 solvere
832 1830 961 1910 habent,
974 1831 1108 1914 singulis
1124 1833 1216 1893 annis
1232 1831 1314 1893 infra
1329 1844 1456 1914 tempus
1472 1832 1674 1913 premissum,

408 1934 553 2016 singulos
586 1936 714 2017 triginta
747 1937 829 1999 duos
861 1937 1000 2000 florenos
1029 1939 1169 2000 relaxare
1200 1959 1236 2000 ac
1269 1937 1309 2000 ad
1341 1949 1483 1999 nostram
1511 1938 1674 1999 racionem

409 2039 579 2120 defalcare,
598 2041 734 2124 illosque
759 2043 880 2105 eisdem
897 2043 972 2105 dare
989 2057 1021 2107 et
1037 2044 1212 2106 concedere
1229 2042 1336 2106 modis
1351 2043 1503 2105 omnibus
1521 2043 1675 2122 debeatis,

409 2165 513 2228 neque
546 2161 715 2230 propterea
746 2151 832 2232 ipsos
865 2150 898 2211 in
921 2150 1066 2232 personis
1098 2164 1152 2212 aut
1178 2151 1274 2213 rebus
1306 2169 1418 2212 eorum
1442 2150 1558 2231 quovis
1581 2163 1675 2231 pacto

410 2252 565 2336 impedire
589 2274 646 2316 seu
669 2257 797 2318 turbare
820 2257 1013 2338 presumatis
1042 2277 1100 2319 nec
1124 2257 1192 2320 sitis
1214 2257 1283 2318 ausi
1308 2256 1407 2318 modo
1432 2255 1576 2337 aliquali.
1601 2255 1674 2317 Pre-

408 2359 551 2420 sentibus
574 2361 731 2443 perlectis,
746 2361 906 2424 exhibenti
930 2363 1093 2426 restitutis.
1110 2363 1232 2425 Darum
1256 2362 1347 2425 Bude
1372 2363 1505 2424 sabbato
1527 2361 1675 2444 proximo

408 2477 481 2547 post
504 2465 620 2528 festum
651 2469 851 2530 sacratissimi
887 2469 1030 2552 corporis
1063 2469 1192 2532 Christi.
1216 2473 1313 2531 Anno
1345 2468 1470 2530 domini
1501 2467 1675 2529 millesimo

409 2570 668 2653 quingentesimo
700 2574 815 2656 primo.
852 2575 1039 2656 Regnorum
1074 2588 1257 2637 nostrorum
1294 2574 1459 2656 Hungarie
1493 2587 1551 2635 etc.
1588 2591 1672 2635 anno

411 2676 595 2756 undecimo,
620 2677 775 2741 Bohemie
800 2699 876 2742 vero
900 2681 1063 2743 tricesimo
1089 2681 1205 2763 primo.

804 2787 936 2848 Relacio
960 2787 1121 2868 magnifici
1146 2787 1269 2849 domini
1295 2786 1449 2849 Johanuis
1474 2787 1675 2868 Borncmyza

852 2875 1044 2938 thezaurarii
1058 2877 1154 2957 ¹regie
1180 2875 1364 2938 Maiestatis.

516 2976 651 3043 originale
675 2980 700 3029 in
721 2979 857 3034 chartalts
883 2981 1001 3046 margine
1019 2979 1140 3033 inferiori
1163 2981 1322 3046 impressum
1341 2983 1382 3032 est
1402 2980 1526 3046 sigillum.
1546 2980 1583 3031 ln.
1604 2979 1674 3031 arch.

411 3065 455 3116 lib.
476 3080 532 3132 reg.
551 3066 600 3118 civ.
621 3069 727 3133 zagrab.

1026 3265 1062 3331 9.

515 3404 592 3454 Anno
613 3404 688 3469 1501,
707 3406 749 3457 20.
769 3404 882 3470 augusti.
902 3403 1050 3457 Varasdini.

409 3511 558 3586 lohannes
586 3514 737 3590 Coroebus,
762 3515 825 3573 dux
847 3523 876 3572 ct
895 3515 996 3586 bonus,
1015 3513 1160 3588 Stephano
1179 3515 1315 3572 canonico
1338 3514 1437 3571 lectori
1456 3512 1610 3587 interdicit,
1635 3530 1670 3570 ne

401 3617 515 3692 judicet
534 3619 568 3676 dc
591 3621 647 3692 lite,
662 3639 737 3695 quae
758 3621 924 3680 intercisas
939 3617 1163 3690 etMicltaclem,
1180 3620 1311 3694 Petmm,
1333 3619 1525 3694 Valentinum,
1541 3618 1673 3675 Domini-

409 3741 533 3798 cumquc
562 3725 690 3784 I’erovid
720 3735 836 3800 agebar,
859 3728 1005 3802 jubetque,
1032 3735 1067 3783 ut
1098 3727 1251 3783 arbitrium
1282 3728 1343 3784 scits
1373 3726 1420 3785 rei
1446 3725 1600 3800 rejiciam
1634 3723 1678 3782 ad

896 3833 1021 3891 civitatis
1043 3833 1182 3892 Wunal.

514 3951 676 4016 lohannes
708 3952 870 4016 Coruinus
901 3953 1060 4036 Oppauie,
1085 3953 1322 4036 Lipthouieque
1351 3951 1415 4013 dux
1439 3971 1474 4012 ac
1498 3970 1672 4033 regnorum

410 4058 585 4140 Dalmacie,
603 4061 737 4123 Croacie
762 4075 793 4123 et
817 4061 987 4123 Sclavonie
1011 4061 1113 4123 banus
1137 4073 1194 4122 etc.
1212 4059 1313 4124 Vobis
1338 4057 1514 4120 venerabili
1540 4055 1674 4119 domino

411 4165 574 4247 Stephano
598 4167 720 4247 lectori,
744 4167 900 4230 canonico
922 4179 953 4229 et
976 4167 1095 4229 vicario
1124 4165 1255 4228 ecclesie
1279 4163 1504 4246 zagrabiensis,
1529 4162 1674 4224 salutem.

412 4271 600 4352 Expositum
632 4287 679 4335 est
711 4274 805 4336 nobis
838 4294 897 4357 pro
930 4285 1018 4356 parte
1052 4273 1356 4354 circumspectorum
1390 4267 1566 4348 Michaelis,
1592 4268 1674 4330 Petri

411 4377 649 4459 corigiatorum,
665 4401 701 4442 ac
718 4380 880 4443 Valentini
895 4379 1022 4461 generis
1038 4379 1176 4442 condam
1193 4378 1285 4460 Elye,
1303 4375 1449 4438 similiter
1465 4374 1674 4457 corigiatoris,

410 4483 529 4544 civium
547 4485 682 4547 civitatis
695 4499 801 4548 nostre
816 4485 1105 4566 Montisgrecensis,
1119 4497 1325 4547 executorum
1338 4481 1518 4545 testamenti
1530 4479 1674 4542 eiusdem

411 4589 547 4650 condam
573 4591 664 4674 Elye,
689 4593 855 4673 quomodo
887 4593 974 4674 ipsos
997 4592 1243 4673 circumspectus
1272 4589 1462 4651 Dominicus
1498 4585 1674 4669 Perowych

410 4696 539 4758 racione
563 4698 730 4759 cuiusdam
761 4697 958 4760 domuncule
989 4717 1045 4759 seu
1071 4697 1169 4776 bulte,
1192 4697 1224 4758 in
1258 4715 1321 4778 qua
1351 4696 1418 4778 ipsa
1441 4713 1491 4756 ars
1515 4692 1674 4775 corigialis

410 4803 493 4864 solet
517 4802 666 4882 laborari,
691 4823 746 4866 eos
770 4805 864 4865 vestri
890 4805 922 4864 in
946 4803 1142 4885 presenciam
1176 4803 1377 4864 convenisset
1400 4802 1432 4862 in
1458 4817 1598 4876 causam,
1623 4819 1673 4858 ex-

409 4909 550 4990 indeque
574 4909 704 4971 eosdem
731 4929 787 4991 per
811 4929 867 4970 vos
889 4909 1013 4992 gravari
1029 4909 1231 4991 protenderet
1247 4909 1280 4970 in
1296 4906 1509 4990 preiudicium
1527 4904 1669 4987 ipsorum

410 5014 625 5077 manifestum.
651 5015 736 5076 Cum
759 5029 867 5078 autem
890 5017 957 5098 ipse
981 5015 1171 5078 Dominicus
1187 5012 1361 5098 Perowych
1378 5014 1543 5074 obtentam
1559 5023 1667 5070 notam
