3752 5806
592 527 668 584 Dec.
689 520 741 601 64.
766 557 806 566 -
832 526 888 586 An.
907 520 997 599 1508.

69 792 74 800 ·
159 772 248 814 suam
274 752 429 813 adversus
453 753 538 834 ipsos
561 752 751 834 capitulares
775 752 814 813 de
839 750 923 813 facili
950 750 1122 813 defendere
1146 751 1306 832 potuisse;
1331 763 1429 833 prout

160 859 356 940 recuperatis
386 870 417 920 et
449 859 585 920 inventis
617 858 739 940 juribus
767 859 911 940 ipsorum
936 859 1000 919 iarn
1024 877 1116 940 posse
1140 871 1303 940 sperarent
1327 857 1428 918 eciam

161 964 200 1025 de
223 965 377 1047 presenti.
403 964 498 1027 Unde
528 965 743 1047 supplicatum
773 964 874 1026 extitit
898 965 1055 1026 Maiestati
1087 979 1193 1026 nostre
1226 965 1258 1026 in
1282 963 1427 1046 personis

162 1071 324 1132 dictorum
356 1071 601 1152 exponentium,
628 1084 662 1132 ut
693 1071 768 1152 ipsis
802 1071 883 1131 circa
907 1070 1059 1152 premissa
1084 1070 1123 1130 de
1147 1083 1330 1152 opportuno
1354 1067 1431 1150 juris

164 1177 308 1238 remedio
333 1176 503 1258 providere
528 1170 744 1258 dignaremur.
769 1177 837 1238 Nos
860 1176 967 1258 igitur,
992 1177 1047 1256 qui
1072 1196 1108 1237 ex
1133 1175 1243 1238 debito
1267 1175 1431 1258 regiminis

164 1283 263 1344 nostri
295 1280 404 1344 officio
435 1280 577 1344 defectus
608 1283 810 1348 subditorum
842 1294 1025 1343 nostrorum
1057 1282 1088 1342 in
1121 1301 1271 1364 processu
1296 1281 1432 1364 juridico

165 1389 389 1470 contingentes
411 1408 468 1470 per
492 1401 674 1471 opportuna
698 1388 840 1450 remedia
858 1388 890 1449 in
908 1387 1023 1449 melius
1040 1385 1213 1450 reformare
1230 1403 1260 1449 et
1277 1388 1432 1450 debemus
1485 1373 1488 1380 ¹

165 1509 196 1556 et
219 1515 403 1576 possumus,
420 1508 547 1577 accepta
563 1494 748 1557 huiusmodi
767 1494 1005 1577 supplicacione
1023 1493 1181 1556 dictorum
1198 1495 1432 1578 exponentium

167 1601 290 1662 eisdem
323 1600 354 1662 id
385 1602 530 1682 graciose
562 1601 712 1662 duximus
736 1601 946 1662 annuendum
971 1614 1001 1662 et
1025 1601 1279 1680 concedendum,
1305 1613 1339 1662 ut
1362 1602 1433 1683 ipsi,

166 1727 232 1768 non
256 1707 459 1768 obstantibus
480 1707 661 1789 prescriptis
684 1707 796 1768 litteris
819 1707 909 1788 regni
933 1708 1032 1769 nostri
1058 1707 1228 1770 Sclauonie
1252 1707 1326 1769 bani
1345 1707 1435 1769 adiu·
1533 1783 1535 1788 Α

168 1811 334 1873 dicatoriis
365 1825 396 1873 ct
429 1814 630 1894 processibus
663 1813 777 1874 exinde
801 1813 925 1890 secutis,
956 1833 1047 1874 causa
1073 1813 1105 1875 in
1129 1814 1301 1896 prescripta
1326 1825 1435 1875 contra

168 1917 329 2000 prelatum
354 1919 529 2001 capitulum
561 1919 693 1982 ecclesie
721 1919 935 2000 zagrabiensis
959 1935 1080 1980 novum
1104 1919 1259 2001 judicium
1284 1921 1436 2002 recipere,

168 2024 355 2106 litterasque
378 2038 408 2087 et
431 2025 579 2088 litteralia
603 2026 745 2108 ipsorum
771 2025 980 2087 instrumenta
1005 2025 1153 2087 exhibere
1177 2045 1212 2088 ac
1237 2026 1381 2088 raciones
1405 2039 1436 2087 et

170 2130 387 2212 allegaciones
410 2152 483 2194 suas
507 2131 611 2194 dicere
636 2146 666 2193 et
690 2132 809 2212 omnia,
834 2152 897 2213 que
928 2133 960 2194 in
984 2133 1116 2194 materia
1140 2133 1240 2214 ipsius
1264 2152 1357 2196 cause
1382 2152 1437 2194 ne-

173 2237 309 2299 cessaria
347 2237 476 2317 fuerint,
500 2238 533 2299 in
569 2239 688 2300 octavis
723 2237 794 2300 festi
830 2237 1082 2320 Epiphaniarum
1118 2239 1253 2318 domini,
1293 2240 1437 2322 proxime

170 2342 327 2422 affuturis,
353 2364 460 2406 coram
491 2345 580 2427 regni
612 2345 712 2406 nostri
745 2344 916 2407 Sclauonie
949 2346 1050 2424 banis,
1074 2346 1106 2406 in
1139 2345 1213 2406 sede
1238 2345 1436 2428 zagrabiensi

172 2447 276 2510 facere
310 2433 438 2512 valeant
468 2464 563 2532 atque
597 2452 729 2533 possint,
753 2452 854 2512 immo
886 2452 1059 2513 annuimus
1083 2464 1114 2512 et
1138 2452 1345 2514 concedimus
1368 2471 1439 2534 pre-

171 2555 317 2617 sencium
342 2575 398 2638 per
422 2557 576 2639 vigorem.
602 2558 760 2632 Quocirca
784 2557 929 2620 fidelitati
953 2572 1054 2620 vestre
1079 2559 1192 2620 harum
1212 2559 1292 2620 serie
1308 2557 1441 2620 firmiter

172 2662 387 2745 precipientes
421 2665 621 2743 mandamus,
657 2678 814 2746 quatenus
848 2678 988 2727 vestrum
1021 2665 1151 2727 mittatis
1183 2664 1348 2727 bominem
1382 2683 1440 2746 pro

173 2768 362 2830 testimonio
386 2767 596 2852 fidedignum,
621 2790 686 2852 quo
710 2785 865 2853 presente,
888 2772 998 2833 Petrus
1023 2770 1169 2854 lmprych
1195 2771 1234 2832 de
1258 2772 1441 2853 lamnycza,

174 2888 227 2936 aut
253 2873 415 2955 Georgius
436 2875 475 2937 de
492 2875 690 2960 Schytharyo
707 2878 758 2939 vel
776 2877 928 2940 Nicolaus
944 2878 983 2939 de
1003 2879 1189 2940 Hrvvsowcz
1206 2897 1262 2940 seu
1279 2877 1442 2939 lohannes

175 2980 214 3042 de
239 2980 474 3060 Chernlcowcz‚
499 2982 564 3044 sive
589 2983 745 3046 Martinus
766 2983 974 3065 Dragachycb
991 2984 1040 3045 sin
1057 2983 1219 3046 lohannes
1235 2997 1289 3045 aut
1307 2981 1443 3044 Michael

177 3085 389 3168 Barylosvych
414 3086 453 3148 de
478 3087 624 3169 Gorycza
647 3089 698 3150 vel
723 3089 884 3151 lohannes
907 3089 1064 3152 litteratus
1088 3089 1128 3150 de
1154 3089 1348 3169 Moravvcha,
1372 3089 1443 3150 aliis

175 3192 374 3271 absentibus,
393 3193 492 3255 homo
516 3206 633 3272 noster,
649 3208 863 3256 memoratum
887 3196 1064 3277 capitulum
1083 3195 1214 3257 ecclesie
1231 3195 1444 3278 zagrabiensis

100 3344 105 3352 .
176 3300 215 3361 ad
241 3312 372 3362 octavas
396 3299 471 3360 dicti
496 3297 567 3361 festi
589 3301 843 3384 Epiphaniarum
865 3301 1000 3380 domini,
1018 3321 1101 3363 nunc
1126 3315 1285 3380 venturas,
1302 3319 1395 3362 causa
1413 3300 1445 3360 in

174 3407 342 3489 premissa,
376 3427 498 3469 novum
528 3407 684 3490 judicium
716 3421 929 3491 recepturum,
954 3409 1207 3489 prescriptasque
1238 3407 1358 3469 litteras
1391 3406 1445 3468 ad-

175 3511 385 3594 judicatorias
409 3514 483 3575 dicti
508 3515 597 3595 regni
623 3514 795 3577 Sclauonie
817 3515 891 3576 bani
910 3527 940 3576 et
960 3514 1104 3595 singulos
1120 3513 1264 3574 eiusdem
1280 3533 1446 3596 processus

132 3603 137 3614 ⁵
177 3619 308 3700 aliaque
343 3619 488 3681 universa
520 3620 599 3701 jura,
623 3621 648 3681 si
674 3641 736 3702 que
768 3622 800 3682 in
833 3621 964 3682 materia
990 3621 1072 3682 dicte
1097 3640 1190 3681 cause
1215 3640 1272 3702 pro
1296 3619 1446 3681 sehabet

178 3724 327 3788 conlecta
351 3725 578 3806 exhibiturum,
603 3727 811 3809 racionesque
837 3741 866 3789 et
890 3727 1104 3808 allegaciones
1129 3747 1200 3788 suas
1225 3727 1332 3788 denuo
1357 3737 1447 3787 etex

177 3851 266 3894 novo
299 3831 459 3894 dicturum
491 3845 522 3895 et
553 3831 709 3895 facturum
742 3847 850 3896 contra
883 3835 1077 3895 memoratOs
1111 3845 1316 3915 exponentes,
1349 3831 1447 3893 modo

179 3937 280 3999 simili
312 3957 434 3999 novum
470 3939 625 4020 judicium
655 3953 848 4022 recepturos,
872 3939 1055 4020 litterasque
1091 3951 1122 4000 et
1154 3938 1305 4001 litteraria
1337 3956 1449 4000 eorum

180 4043 394 4105 instrumenta
428 4042 546 4107 factum
578 4047 823 4127 prescriptarum
851 4045 1090 4128 possessionum
1115 4043 1258 4126 ipsorum
1281 4042 1449 4124 tangentia

181 4163 211 4210 et
242 4151 473 4212 concernencia
505 4150 712 4231 exhibituros,
743 4165 839 4234 atque
871 4152 990 4230 omnia,
1022 4170 1084 4232 que
1118 4151 1157 4210 de
1188 4149 1256 4231 jure
1289 4149 1322 4210 in
1354 4169 1448 4211 causa

182 4255 250 4336 ipsa
276 4253 422 4316 facienda
446 4254 573 4334 fuerint,
597 4270 723 4319 acturos
748 4270 778 4319 et
802 4256 940 4319 facturos
963 4257 1052 4338 regni
1077 4256 1176 4317 nostri
1201 4255 1372 4317 Sclauonie
1396 4257 1450 4316 ba-

182 4379 300 4422 norum
324 4373 436 4422 evocet
459 4361 492 4422 in
516 4364 714 4444 presenciam
738 4364 771 4425 in
795 4363 905 4425 sedem
930 4363 1180 4444 zagrabiensem,
1197 4361 1261 4422 litis
1277 4361 1448 4443 pendente,

183 4467 296 4548 siqua
329 4465 412 4528 foret
434 4467 516 4530 inter
549 4469 645 4551 ipsos,
668 4489 734 4530 non
765 4471 921 4532 obstante.
947 4469 1143 4530 lnsinuando
1169 4467 1289 4529 ibidem
1314 4467 1450 4548 eisdem,

185 4586 218 4634 ut
253 4573 320 4634 sive
354 4573 414 4656 ipsi
449 4573 638 4657 capitulares
667 4576 786 4637 octavis
820 4576 852 4636 in
884 4575 1064 4659 prescriptis
1097 4594 1205 4636 coram
1237 4575 1329 4636 dictis
1363 4575 1452 4658 regni

186 4679 284 4740 nostri
303 4679 476 4740 Sclauonie
499 4680 589 4741 banis
610 4695 824 4762 compareant,
842 4701 1028 4763 novumque
1046 4681 1201 4760 judicium
1218 4681 1371 4763 recipiant
1388 4682 1453 4743 sive

186 4804 260 4864 non,
285 4785 385 4846 iidem
411 4785 451 4846 ad
474 4787 572 4868 partis
596 4789 810 4869 comparentis
834 4789 1022 4851 instanciam
1043 4788 1076 4849 id
1097 4785 1214 4849 facient
1231 4789 1262 4849 in
1280 4789 1454 4870 premissis,

186 4891 272 4972 quod
306 4891 474 4953 dictaverit
505 4892 584 4954 ordo
617 4892 702 4975 juris,
732 4895 773 4955 Et
804 4909 875 4976 post
903 4895 960 4956 hec
986 4893 1171 4956 huiusmodi
1197 4894 1398 4956 evocacionis
1423 4907 1453 4955 et

186 4997 420 5060 insinuacionis
451 4999 564 5060 seriem
596 5020 668 5060 cum
701 5014 907 5082 evocatorum
942 5016 973 5064 et
1004 5003 1238 5063 insinuatorum
1271 5002 1457 5063 nominibus

1340 5105 1353 5130 1
