3900 5804
810 489 929 548 Slotuto
953 491 1245 548 praebendariorum.

514 723 554 782 Ut
573 741 657 782 cause
672 724 811 798 fratrum
837 725 868 780 in
891 725 1008 797 collegio
1019 726 1110 797 prius
1132 723 1337 781 discuciantur.

510 861 624 944 Sepius
647 861 752 925 solent
775 862 969 925 differrentie
993 875 1089 945 atque
1113 863 1414 925 controversionum
1437 863 1568 924 materie
1586 863 1664 923 inter

404 966 514 1030 fratres
537 981 662 1030 nostros
684 969 833 1048 suboriri,
857 985 888 1033 et
911 983 1079 1052 propterea
1103 969 1299 1032 eiuscemodi
1317 968 1515 1030 differrencie
1539 983 1569 1029 et
1592 988 1665 1029 con·

404 1074 628 1153 troversiones,
653 1094 718 1136 non
742 1075 900 1157 imprimis
924 1077 955 1136 in
981 1075 1124 1136 medium
1149 1075 1260 1154 nostri,
1285 1089 1320 1136 ut
1343 1075 1505 1148 deberent,
1527 1073 1583 1136 sed
1610 1073 1665 1135 do·

405 1179 496 1242 minii
521 1179 675 1264 proferre,
700 1195 730 1242 et
755 1182 887 1264 perinde
912 1182 1061 1243 dominos
1094 1182 1125 1242 in
1150 1200 1209 1243 nos
1232 1181 1283 1243 vel
1308 1181 1516 1264 quemppiatn
1540 1179 1665 1242 fratrem

408 1301 551 1350 nostrum
576 1287 761 1370 superinde,
778 1289 872 1349 nobis
889 1287 1087 1370 irrequisitis,
1104 1307 1184 1349 ausu
1200 1288 1381 1366 temerario,
1399 1289 1431 1348 in
1448 1300 1664 1368 contemptum

406 1393 514 1454 statuti
550 1394 661 1464 nostri.
693 1395 934 1475 conquerendo,
958 1413 1133 1476 provocare
1174 1407 1205 1454 et
1244 1413 1309 1455 non
1348 1413 1462 1475 parum
1501 1393 1667 1454 concitare.

408 1499 601 1560 Eamobrem
638 1500 822 1578 sanctimus,
846 1518 887 1561 ne
923 1499 963 1562 de
987 1513 1093 1562 cetero
1127 1501 1288 1582 quispiam
1311 1521 1349 1562 ex
1371 1501 1464 1562 nobis
1500 1499 1540 1561 ad
1565 1499 1667 1560 domi·

408 1605 497 1666 nium
522 1605 650 1666 racione
674 1605 782 1688 previa
807 1621 922 1685 currat,
945 1607 1006 1667 nisi
1030 1606 1117 1687 prius
1141 1607 1173 1666 in
1207 1606 1315 1669 medio
1339 1607 1439 1668 nostri
1472 1604 1666 1668 eiuscemodi

407 1709 606 1772 differrencie
630 1710 781 1790 discusse,
805 1712 933 1793 cognite
957 1725 987 1773 et
1010 1712 1176 1774 terminate
1194 1710 1330 1790 fuerint;
1353 1714 1404 1774 cui
1421 1713 1506 1773 viam
1530 1711 1668 1794 appella·

408 1817 509 1879 cionis
548 1836 613 1878 non
652 1818 882 1900 precludimus,
921 1818 1066 1900 alioquin
1105 1819 1348 1880 contraveniens
1386 1819 1547 1902 premissis
1586 1818 1669 1878 iuxta

408 1922 644 2006 beneplacitum
668 1937 813 1986 nostrum
836 1926 995 2007 punietur.

511 2119 561 2178 De
582 2119 682 2196 officio
704 2122 801 2181 nostri
818 2121 926 2181 decani.

511 2258 671 2321 Volumus
694 2259 806 2338 eciam,
831 2261 919 2342 quod
943 2261 1095 2322 dominus
1130 2260 1270 2321 decanus
1300 2272 1408 2321 noster
1439 2278 1498 2341 pro
1528 2271 1671 2339 tempore

410 2365 610 2448 constitutus,
634 2379 798 2447 tamquam
823 2367 968 2450 superior
992 2381 1109 2444 noster,
1134 2367 1285 2427 omnibus
1309 2365 1452 2447 negociis
1476 2364 1591 2425 nostris
1607 2363 1672 2423 col·

410 2471 530 2553 legium
555 2473 772 2552 tangentibus,
796 2487 910 2534 exacta·
935 2487 966 2534 et
994 2473 1141 2554 diligenti
1173 2491 1246 2534 cura
1282 2472 1408 2533 studeat
1440 2470 1617 2551 invigilare,
1641 2469 1672 2530 in

411 2576 521 2638 fratres
544 2596 609 2638 non
634 2578 746 2656 sevire,
770 2579 825 2640 sed
851 2579 924 2640 illos
947 2578 999 2660 pie
1023 2598 1140 2656 amare,
1164 2578 1321 2639 honorem
1346 2577 1477 2638 illorum
1501 2596 1559 2658 pro
1581 2595 1672 2657 posse

411 2681 594 2754 defendere,
621 2683 811 2745 insolencias
835 2683 966 2745 fratrum
992 2683 1175 2746 manifestas
1200 2683 1250 2744 vel
1275 2683 1415 2744 occultas
1443 2683 1502 2744 sibi
1527 2695 1619 2742 notas
1642 2695 1672 2742 et

410 2788 584 2851 declaratas
609 2789 641 2850 in
664 2789 808 2850 medium
833 2791 933 2852 nostri
969 2809 1160 2872 proponere,
1185 2803 1216 2850 et
1239 2789 1318 2850 tales
1351 2808 1409 2870 pro
1445 2787 1544 2850 modo
1580 2787 1671 2868 culpe

411 2907 521 2956 nostro
545 2895 646 2956 eciam
670 2895 710 2956 ad
735 2895 767 2956 id
791 2894 961 2957 accedente
986 2915 1143 2958 consensu
1167 2895 1280 2977 punire
1312 2908 1343 2956 et
1377 2895 1529 2975 castigare
1560 2894 1673 2972 valeat,

418 3015 453 3062 ut
475 3001 570 3062 ceteri
595 3001 765 3082 exemplati
790 3021 807 3062 a
832 3001 991 3062 similibus
1021 3001 1217 3076 abstineant;
1250 3000 1300 3061 vel
1330 3000 1446 3077 minus,
1478 3001 1504 3060 si
1536 2999 1673 3060 eundem

412 3107 583 3168 dominum
606 3107 763 3168 decanum
799 3121 943 3168 nostrum
968 3107 1000 3168 in
1024 3107 1142 3168 talibus
1173 3106 1390 3187 negligentem
1425 3119 1456 3166 et
1487 3126 1542 3187 per
1566 3105 1674 3166 omnia

414 3212 507 3274 nobis
544 3213 691 3273 inutilem
728 3213 972 3293 comperiemus,
1008 3212 1100 3273 illum
1133 3211 1309 3273 secundum
1346 3212 1414 3273 eius
1446 3211 1674 3292 negligentiam

414 3317 569 3401 puniendi
594 3318 645 3379 vel
670 3319 772 3379 eciam
796 3318 821 3378 si
844 3319 906 3379 tale
940 3317 1146 3396 commiserit,
1170 3337 1228 3379 suo
1258 3309 1365 3379 officio
1396 3317 1543 3399 privandi
1567 3331 1598 3378 et
1621 3316 1674 3376 de-

413 3423 565 3486 stituendi
589 3436 685 3505 atque
709 3423 868 3505 spoliandi
893 3423 1084 3486 habebimus
1108 3422 1302 3486 facultatem.

521 3640 570 3697 De
592 3641 806 3699 imantinencio
821 3639 969 3715 fratrum.

521 3778 569 3839 Ne
592 3797 669 3839 vero
694 3777 829 3840 facilitas
853 3778 946 3839 venie
971 3778 1168 3840 incentivum
1186 3779 1303 3841 tribuat
1320 3778 1593 3860 delinquentibus,
1616 3791 1676 3838 sta-

416 3884 544 3960 tuimus,
571 3884 684 3965 utqui
721 3903 757 3944 ex
791 3884 884 3946 nobis
920 3883 1141 3966 comprehensi
1174 3883 1291 3945 fuerint
1327 3883 1562 3946 incontinencie
1595 3884 1676 3944 vicio

415 3989 570 4066 laborare,
595 4009 630 4050 ac
655 4003 795 4051 scortum
820 3989 947 4072 publice
979 4003 1098 4068 tenere,
1122 4002 1153 4051 et
1188 4009 1246 4051 nos
1277 4009 1389 4051 eorum
1425 3989 1578 4050 dissoluta
1614 3989 1676 4050 vita

415 4094 641 4173 scandalizare,
666 4109 698 4156 et
720 4093 838 4156 famam
864 4109 1004 4157 nostram
1035 4094 1208 4174 offendere,
1240 4096 1418 4176 denigrare,
1449 4109 1545 4176 prout
1576 4096 1677 4176 magis

416 4201 466 4262 vel
491 4201 597 4262 minus
621 4202 832 4282 peccaverint,
857 4202 1040 4283 puniantur,
1058 4217 1092 4263 ut
1112 4221 1194 4283 quos
1215 4201 1343 4263 divinus
1365 4202 1461 4263 timor
1478 4202 1595 4262 amalo
1611 4220 1675 4262 non

416 4319 554 4386 revocat,
579 4307 765 4389 temporalis
789 4307 901 4369 saltem
924 4327 1007 4390 pena
1031 4307 1179 4369 cohibeat
1202 4327 1219 4369 a
1243 4321 1384 4390 peccato.

522 4503 572 4560 De
594 4501 718 4576 infimas
734 4503 894 4576 fratribus.

525 4641 733 4703 Decrevimus
757 4661 900 4722 quoque,
924 4640 1061 4723 quodsi
1085 4641 1202 4721 aliquis
1226 4659 1263 4702 ex
1286 4639 1435 4702 fratribus
1455 4641 1571 4702 nostris
1594 4639 1677 4701 infir·

418 4761 568 4826 meretur,
592 4747 688 4808 talem
713 4747 864 4808 dominus
888 4747 1028 4809 decanus
1051 4759 1158 4808 noster
1182 4767 1305 4828 perse,
1330 4747 1381 4807 vel
1405 4766 1444 4808 eo
1473 4746 1544 4808 aliis
1567 4765 1677 4827 prepe-

419 4841 486 4913 dito
511 4853 664 4934 negociis,
690 4872 745 4934 per
769 4853 867 4913 alium
901 4853 1107 4934 quemppiam
1144 4872 1181 4912 ex
1206 4851 1355 4912 fratribus
1390 4852 1505 4912 nostris
1541 4851 1678 4927 visitare,

419 4959 589 5040 ipsumque
612 4971 677 5019 tam
701 4959 892 5020 salutaribus
915 4959 1056 5037 monitis,
1079 4977 1175 5039 quam
1200 4958 1301 5020 eciam
1325 4957 1555 5039 temporalibus
1578 4956 1677 5017 subsi-
