3752 5806
595 569 667 629 Duc.
693 583 743 645 15.
770 603 809 615 -
838 571 896 631 An.
921 579 1011 645 1502.
1401 591 1437 652 17

173 797 283 878 vigore
315 795 610 858 confoederationis
641 796 681 858 ad
713 795 829 859 festum
860 818 885 860 s.
909 795 1075 858 Michaelis
1103 797 1302 879 deponendis
1326 797 1439 876 solvet,

174 902 331 984 deditque
367 902 594 983 obligatoriam
632 916 730 964 manu
764 905 894 986 propria
927 903 1087 986 scriptam.
1115 901 1225 965 Budas
1260 903 1293 964 in
1329 903 1440 984 vigilia

173 1029 197 1070 s.
222 1006 374 1070 Mathiae.

280 1146 440 1200 flarcelovic'
461 1147 560 1214 Georg.
588 1147 706 1216 Regesta
723 1147 867 1213 Dlplomat.
882 1147 1046 1214 aliorumque
1064 1145 1300 1202 Documentorum.
1317 1143 1394 1200 use.
1415 1149 1441 1200 in

174 1236 338 1290 bibliotheca
357 1238 563 1290 archidioeoesis
582 1239 688 1304 zagrab.

786 1451 841 1516 15.

280 1591 355 1642 Anno
378 1589 454 1658 1502,
474 1592 497 1643 3.
517 1591 613 1644 martii.
633 1577 751 1645 Casurae.

178 1734 371 1792 cantaram
394 1742 430 1792 -et
449 1735 651 1794 canonisatum
683 1736 814 1795 ecclcsiae
836 1737 956 1815 sagrab.
979 1736 1076 1795 Lucas
1101 1735 1247 1812 episcopus
1270 1736 1440 1814 Seraphrito,

642 1841 746 1916 fratri
765 1859 826 1916 suo,
852 1843 969 1918 confert.

283 1979 351 2040 Nos
384 1979 489 2042 Lucas
513 1979 564 2042 dei
589 1994 620 2042 et
653 1981 828 2063 apostolice
856 1980 941 2042 sedis
974 1981 1081 2064 gracie
1105 1981 1274 2066 episcopus
1309 1981 1442 2044 ecclesie

173 2083 404 2166 zagrabiensis,
429 2086 605 2168 personalis
635 2086 800 2169 presencie
832 2087 918 2168 regie
949 2087 1170 2150 locumtenens
1202 2101 1261 2150 etc.
1286 2085 1443 2150 Memorie

173 2190 445 2252 commendamus
474 2205 586 2254 tenore
612 2193 814 2275 presencium
838 2193 1052 2274 significantes
1076 2194 1193 2276 quibus
1221 2194 1349 2277 expedit
1372 2193 1443 2255 uni·

174 2296 287 2375 versia,
307 2296 400 2378 quod
423 2315 483 2358 nos
515 2297 722 2359 consideratis
753 2298 828 2377 vita,
857 2299 983 2377 virtute,
1006 2314 1135 2360 morum
1167 2298 1342 2379 honestare,
1367 2299 1443 2361 slia-

171 2421 314 2484 rumque
339 2403 494 2464 virtutum
515 2403 746 2485 multiplicium
768 2403 897 2465 indiciis
920 2403 1112 2466 venerabilis
1133 2404 1257 2466 domini
1275 2404 1443 2488 Seraphini

171 2507 332 2590 prepositi
343 2507 476 2569 minoris
486 2521 517 2570 et
530 2509 675 2570 canonici
688 2509 821 2572 ecclesie
834 2508 1066 2588 chanadiensis,
1076 2508 1178 2571 fratris
1189 2509 1290 2572 nostri
1299 2510 1444 2588 carnalis,

173 2614 296 2693 quibus
317 2613 405 2694 apud
429 2632 489 2675 nos
511 2612 574 2676 fide
599 2614 698 2696 digno
715 2615 832 2677 meruit
846 2616 1031 2678 testimonio
1049 2615 1280 2696 commendari,
1297 2617 1444 2678 volentes

172 2721 284 2802 ipsum
308 2733 419 2782 nostro
450 2721 601 2804 prosequi
626 2721 735 2784 favore
759 2723 960 2804 congruenti,
983 2721 1089 2784 eidem
1116 2723 1283 2804 tamquam
1307 2739 1444 2805 persone

175 2825 296 2888 idonee
321 2841 353 2888 et
382 2829 465 2888 bene
490 2828 612 2906 merite,
637 2841 849 2907 cantoratum,
873 2828 1097 2890 canonicatum
1129 2841 1159 2888 et
1191 2827 1388 2910 prebendam
1410 2829 1443 2890 in

173 2933 313 2995 ecclesia
339 2948 446 2995 nostra
478 2934 676 3015 zagrabiensi
701 2954 758 3017 per
781 2953 893 3016 puram
924 2947 954 2996 et
978 2929 1156 3016 simplicem
1191 2934 1445 3015 resignacionem

173 3057 211 3101 ac
234 3039 376 3100 liberam
411 3051 442 3100 et
469 3053 678 3122 spontaneam
714 3040 892 3102 cessionem
928 3039 1120 3102 venerabilis
1152 3039 1275 3101 domini
1312 3037 1443 3117 Mathis,

175 3145 324 3208 eiusdem
343 3157 535 3224 cantoratus,
552 3146 757 3208 canonicatus
774 3159 805 3208 et
820 3145 983 3228 prebende
1000 3145 1118 3223 ultimi,
1136 3145 1250 3206 veriet
1267 3143 1444 3206 immediati

174 3251 372 3335 possessoris
384 3269 468 3313 nunc
481 3249 607 3330 factam,
616 3252 656 3313 de
673 3251 741 3333 jure
758 3265 788 3314 et
804 3252 844 3313 de
856 3250 939 3313 facto
955 3261 1132 3329 vacantem,
1143 3249 1238 3311 simul
1256 3261 1329 3311 curn
1346 3249 1445 3312 domo

174 3375 211 3419 ac
235 3357 397 3418 universis
420 3357 597 3420 eorundem
621 3371 812 3437 cantoratus,
838 3357 1043 3418 canonicatus
1067 3369 1097 3417 et
1120 3355 1283 3438 prebende
1307 3368 1443 3438 proven-

174 3464 274 3542 tibus,
312 3461 577 3545 jurispatronatus
611 3464 710 3524 nostri
746 3483 782 3526 ac
817 3463 971 3524 ordinarii
1007 3462 1259 3540 auctoritatibus,
1296 3461 1446 3524 duximus

177 3569 314 3649 dandas,
340 3568 507 3630 donandas
530 3583 562 3630 et
593 3567 803 3631 conferendas
827 3589 862 3630 ac
887 3569 992 3632 eidem
1022 3569 1061 3630 de
1087 3567 1207 3630 eisdem
1231 3565 1446 3650 providendas

177 3676 279 3760 pleno
305 3675 385 3757 jure,
404 3675 504 3738 immo
528 3675 652 3756 damus,
670 3675 827 3737 donamus
844 3689 874 3736 et
891 3673 1085 3738 conferimus
1101 3693 1136 3735 ac
1154 3673 1360 3756 providemus
1376 3693 1446 3757 pre·

176 3781 325 3844 sencium
349 3799 406 3863 per
429 3781 584 3863 vigorem.
602 3781 763 3855 Quocirca
784 3781 876 3842 vobis
897 3780 1141 3842 honorabilibus
1164 3779 1313 3841 fratribus
1330 3781 1446 3841 nostris

176 3888 355 3971 preposito,
373 3887 482 3948 lectori
507 3899 537 3949 et
553 3887 689 3967 custodi,
707 3887 884 3969 ceterisque
906 3887 1068 3948 canonicis
1086 3885 1168 3948 dicte
1186 3886 1318 3948 ecclesie
1339 3886 1446 3948 dostre

178 3993 399 4076 aegrabiensis
430 3992 542 4054 harum
567 3993 647 4054 serie
671 3993 703 4054 in
727 3994 842 4055 virtute
875 4006 982 4054 sancte
1006 3991 1194 4054 obediencie
1222 3991 1354 4054 firmiter
1378 4011 1446 4075 pre-

178 4100 338 4182 cipientes
355 4098 556 4178 mandamus,
574 4111 731 4180 quatenus
744 4099 881 4182 acceptis
893 4099 1093 4182 presentibus
1105 4097 1264 4180 prefatum
1277 4098 1446 4160 dominum

179 4205 398 4288 Seraphinum
413 4205 465 4266 rel
482 4205 550 4266 eius
563 4203 757 4287 legittimum
770 4217 1010 4287 procuratorem
1022 4204 1155 4265 nomine
1168 4224 1226 4266 suo
1241 4215 1271 4265 et
1283 4205 1446 4266 neminem

177 4311 281 4373 alium
305 4311 345 4373 ad
370 4311 500 4390 realem,
525 4311 790 4394 corporalemque
807 4323 838 4372 et
855 4310 1018 4394 pacificam
1035 4309 1271 4392 possessionem
1288 4307 1447 4371 dictorum

178 4429 375 4495 cantoratus,
400 4416 606 4480 canonicatus
628 4431 659 4480 et
679 4416 842 4500 prebende
860 4416 944 4478 dicte
961 4417 1093 4478 ecclesie
1110 4428 1216 4477 nostre
1233 4415 1447 4496 zagrabi'ensis

178 4523 351 4608 recipiatis,
373 4523 467 4585 stallo
499 4523 560 4585 sibi
593 4524 625 4584 in
657 4523 754 4586 choro
780 4535 811 4585 et
835 4541 912 4596 voce
936 4522 968 4583 in
993 4522 1133 4604 capitulo
1159 4541 1232 4583 cum
1258 4522 1346 4583 omni
1371 4519 1448 4603 juris

178 4630 382 4714 plenitudine
395 4630 579 4712 assignatis3
593 4629 632 4691 de
648 4631 804 4692 universis
821 4649 951 4712 quoque
965 4629 1183 4712 proventibus,
1193 4627 1447 4689 obvencionlbus

178 4751 210 4799 et
233 4736 463 4799 emolumentis
488 4735 666 4799 eorundem
683 4747 875 4815 cantoratus,
893 4735 1099 4796 canonicatus
1116 4747 1147 4795 et
1163 4733 1325 4816 prebende
1343 4733 1447 4794 eidem

179 4842 316 4906 domino
333 4841 514 4924 Seraphino
538 4843 589 4904 vel
613 4842 698 4904 dicto
721 4859 780 4904 suo
804 4841 1002 4925 procuratori
1026 4840 1220 4922 respondere
1245 4851 1276 4900 et
1298 4859 1355 4921 per
1378 4838 1448 4916 hos,

180 4969 320 5031 quorum
346 4950 476 5011 interest
500 4968 556 5010 seu
578 4949 729 5027 intererit,
747 4948 931 5030 responderi
950 4947 1051 5009 lacere
1069 4946 1211 5007 debeatis
1228 4957 1258 5008 et
1275 4945 1448 5008 teneamini

181 5055 258 5118 locis
290 5056 409 5118 debitis
447 5067 476 5114 et
505 5055 705 5137 temporibus
736 5072 863 5137 semper
886 5053 1085 5137 opportunis.
1112 5053 1210 5114 Secus
1234 5051 1324 5113 nullo
1349 5049 1447 5113 modo

1324 5175 1343 5222 2
