3808 5792
838 477 912 536 Doc.
936 471 1009 538 ιόό.
1033 509 1077 520 -
1099 477 1157 536 An.
1180 488 1268 552 r520.

427 706 544 768 Datum
570 705 661 767 Bude
686 705 717 767 in
743 703 823 766 festo
846 705 1042 767 visitacionis
1073 705 1254 767 beatissime
1286 706 1418 788 virginis
1450 709 1560 772 Marie.
1595 713 1693 771 Auno

425 811 548 873 domini
574 811 734 872 milesimo
757 810 1016 894 quingentesimo
1040 812 1207 893 vigesimo.

531 951 667 1017 Originale
687 951 712 1002 in
731 952 830 1004 charta.
850 948 878 1002 ln
899 953 1015 1018 margine
1035 951 1154 1004 inlerlori
1174 950 1331 1016 impressum
1351 959 1393 1006 est
1412 954 1540 1020 sigillum.

967 1236 1051 1303 166.

530 1401 606 1448 Anao
627 1394 703 1448 1⁵20.
723 1395 746 1448 2.
764 1395 835 1462 Jolil.
855 1393 953 1446 Budas.

423 1522 585 1582 Ludovr'cus
608 1523 662 1599 lt,
700 1523 800 1596 Hung.
830 1529 879 1582 etc.
911 1539 973 1594 rex,
1008 1522 1130 1579 mandat
1149 1521 1241 1598 bonis,
1277 1529 1311 1580 ret
1342 1523 1482 1580 nobilibus
1516 1525 1689 1598 quibusdam

465 1629 645 1705 praedr'cant,
670 1647 705 1688 m
727 1648 747 1686 a
769 1629 877 1688 civibus
899 1627 1134 1702 sagrabr'ensibus
1157 1636 1216 1702 pro
1239 1646 1327 1686 merce
1357 1630 1493 1686 tributum
1516 1632 1645 1705 exigant.

1075 1781 1233 1834 Commissio
1253 1784 1362 1848 propris
1382 1782 1480 1835 domini
1499 1784 1580 1849 regis.

532 1873 717 1938 Ludouicus
740 1872 792 1936 dei
815 1873 921 1954 gracia
945 1892 998 1934 rex
1023 1872 1189 1953 Hungarie
1213 1885 1244 1934 et
1268 1873 1424 1935 Bohemie
1445 1885 1504 1935 etc.
1522 1873 1691 1935 Fidelibus

424 1981 540 2042 nostris
563 1999 736 2063 regnorum
760 1991 943 2041 nostrorum
967 1977 1142 2056 Dalmacie‚
1167 1977 1302 2040 Croacie
1327 1991 1358 2040 et
1392 1979 1564 2041 Sclauonie
1597 1981 1690 2041 banis

425 2087 575 2168 deinceps
610 2085 843 2149 constituendis
873 2084 1008 2146 salutem
1039 2097 1069 2145 et
1102 2084 1252 2166 graciam.
1289 2085 1337 2145 Ex
1372 2085 1515 2165 querelis
1543 2085 1689 2147 fidelium

425 2206 606 2258 nostrorum
631 2193 935 2273 circumspectorum
959 2189 1076 2270 judicis
1105 2189 1346 2271 calamorum,
1371 2205 1616 2272 ceterorumque
1646 2192 1689 2253 ci-

424 2299 513 2360 vium
539 2313 570 2363 et
593 2297 844 2360 inhabitatorum
870 2296 1004 2358 civitatis
1035 2309 1141 2358 nostre
1173 2296 1292 2359 montis
1324 2295 1493 2358 Grecensis
1523 2317 1588 2360 non
1620 2297 1689 2358 sine

424 2404 630 2486 displicencia
653 2403 846 2488 accepimus,
871 2402 959 2485 quod
982 2403 1130 2483 quamvis
1162 2402 1222 2484 ipsi
1254 2415 1285 2464 et
1317 2402 1454 2484 quilibet
1482 2422 1596 2466 eorum
1632 2423 1689 2486 per

424 2509 517 2574 divos
540 2510 678 2573 condam
702 2529 793 2590 reges
817 2507 994 2589 Hungarie,
1018 2523 1144 2570 nostros
1167 2508 1288 2571 scilicet
1310 2509 1562 2591 predecessores,
1578 2509 1688 2590 vigore

425 2631 584 2682 certorum
608 2616 851 2700 privilegiorum
883 2629 913 2677 et
946 2615 1047 2677 eciam
1071 2635 1128 2698 per
1159 2616 1359 2680 Maiestatem
1389 2629 1556 2699 paternam
1587 2613 1689 2678 felicis

424 2724 578 2788 memorie
602 2722 863 2786 confirmatorum
899 2723 938 2783 ab
969 2722 1059 2784 omni
1089 2735 1120 2782 et
1150 2723 1294 2804 qualibet
1324 2722 1490 2784 tributaria
1521 2721 1687 2783 solucione

424 2831 529 2894 ubivis
550 2831 582 2894 in
606 2829 667 2892 hoc
691 2847 791 2911 regno
815 2841 846 2889 et
869 2828 1013 2910 partibus
1036 2827 1097 2889 sibi
1121 2829 1272 2890 subiectis
1288 2828 1428 2910 exempti
1452 2829 1516 2890 sint
1538 2842 1569 2889 et
1593 2827 1687 2889 liber·

424 2937 479 2998 tati
514 2937 702 3014 habeantur,
736 2934 836 2996 modo
874 2946 983 2996 tamen
1018 2933 1168 2995 nonnulli
1205 2939 1247 2996 ex'
1275 2933 1416 2997 dominis
1451 2949 1482 2996 et
1516 2933 1687 3015 regnicolis

425 3041 596 3106 Sclauonie
620 3041 653 3103 in
678 3041 771 3104 bonis
794 3041 937 3123 ipsorum
962 3052 993 3101 et
1016 3040 1178 3121 signanter
1201 3041 1349 3103 homines
1372 3041 1439 3103 aive
1462 3037 1618 3102 officiales
1641 3059 1687 3100 re-

423 3147 644 3210 verendissimi
668 3147 701 3208 in
725 3146 854 3209 Christo
877 3146 975 3228 patris
999 3145 1123 3208 domini
1147 3145 1283 3226 Thome,
1307 3147 1392 3209 tituli
1422 3146 1522 3208 sancti
1556 3145 1683 3208 Martini

424 3253 456 3314 in
480 3254 644 3316 montibus
667 3265 773 3315 sancte
797 3271 929 3313 romane
953 3251 1088 3313 ecclesie
1113 3253 1278 3333 presbiteri
1295 3252 1476 3330 cardinalis,
1493 3253 1685 3334 strigonien·

423 3358 476 3437 sia,
499 3378 536 3420 ac
560 3357 736 3441 patriarche
762 3356 1115 3439 Constantinopolitani
1140 3371 1171 3418 et
1193 3371 1300 3420 sancte
1324 3357 1410 3420 sedis
1440 3357 1617 3440 apostolice
1648 3357 1687 3417 de

424 3464 521 3526 latere
545 3465 641 3546 legati
666 3475 724 3526 etc.
742 3465 828 3526 iuxta
852 3477 953 3524 castra
977 3463 1121 3525 eiusdem
1147 3463 1390 3526 Jazthrebarzka
1407 3478 1438 3524 et
1459 3462 1594 3546 Olrych;
1612 3464 1686 3525 item

424 3569 578 3632 officiales
610 3570 741 3632 illustris
771 3570 924 3652 principis
953 3567 1084 3651 Georgii
1122 3569 1315 3632 marchionis
1346 3570 1687 3651 Brandemburgensis‚

424 3801 482 3843 nec
505 3801 571 3843 non
594 3800 750 3862 generose
774 3779 905 3842 domine
931 3781 1031 3843 Elene
1063 3781 1103 3843 de
1135 3781 1399 3864 Frangapanibus
1430 3781 1518 3843 iuxta
1549 3794 1688 3843 castrum

423 3889 601 3964 Zamobor;
626 3887 745 3968 aliique
762 3886 944 3968 complures
967 3887 1081 3948 similis
1097 3899 1195 3949 status
1218 3900 1315 3969 atque
1331 3885 1525 3948 officiolatua
1540 3887 1689 3948 homines

424 4005 535 4076 utputa
559 3993 645 4055 iuxta
669 3993 828 4075 Bosyalro‚
843 4005 980 4078 castrum
1004 3993 1164 4074 prioratus
1187 3997 1336 4054 Auranee
1353 4007 1384 4055 et
1401 3992 1579 4055 Zozedwar
1601 3992 1689 4054 simi-

423 4100 494 4161 liter
517 4113 628 4162 vocata
653 4113 684 4161 et
703 4098 881 4181 appellata;
906 4097 1058 4180 juxtaque
1083 4098 1244 4160 civitatem
1267 4112 1410 4161 nostram
1436 4099 1634 4162 Crisiensem
1659 4113 1689 4159 et

423 4207 585 4286 quandam
620 4205 855 4288 possessionem
894 4205 1054 4266 nobilium
1078 4204 1233 4284 Bradacb,
1272 4205 1419 4267 Belawar
1453 4220 1685 4288 nuncupatam,

423 4327 571 4394 certaque
595 4313 657 4374 alia
681 4312 752 4374 loca
776 4311 950 4390 constituti,
967 4329 1033 4372 non
1058 4311 1174 4372 curatis
1190 4311 1349 4372 dictorum
1367 4311 1486 4372 civium
1504 4325 1687 4374 nostrorum

424 4417 632 4496 libertatibus,
657 4417 787 4480 eosdem
810 4429 1009 4478 transeuntes
1033 4417 1203 4479 exaccione
1219 4416 1361 4479 thelonei
1379 4417 1576 4498 impedirent
1592 4432 1687 4498 atque

423 4525 629 4586 molestarent
652 4524 684 4585 in
708 4543 838 4605 gravem
862 4523 1012 4604 injuriam
1035 4523 1179 4606 ipsorum
1205 4537 1235 4585 et
1258 4524 1435 4606 dampnum
1469 4521 1686 4584 manifestum.

425 4627 652 4710 Supplicarunt
675 4630 782 4711 itaque
807 4630 963 4692 Maiestati
986 4642 1093 4690 nostre
1118 4629 1194 4690 dicti
1219 4629 1315 4710 judex
1340 4642 1372 4692 et
1395 4629 1501 4710 jurati,
1526 4629 1686 4710 ceterique

424 4733 507 4793 cives
531 4749 560 4795 et
585 4735 813 4797 inhabitatores
836 4749 974 4817 pretacte
998 4735 1135 4796 civitatis
1171 4747 1278 4797 nostre
1308 4736 1427 4797 montis
1460 4733 1632 4796 Grecensis
1655 4749 1688 4794 ut

425 4837 500 4917 ipsis
532 4841 703 4920 superinde
735 4841 775 4902 de
806 4855 990 4923 opportuno
1021 4841 1166 4903 remedio
1198 4840 1367 4923 providere
1402 4841 1631 4922 dignaremur3
1658 4851 1687 4899 et

425 4942 498 5020 quia
524 4963 581 5003 nos
614 4947 743 5006 eosdem
776 4960 971 5029 exponentes
1002 4947 1034 5008 in
1064 4947 1156 5008 dictis
1187 4965 1300 5008 eorum
1332 4946 1534 5009 libertatibus
1566 4947 1685 5008 illibate
