3752 5806
405 553 447 613 42
855 535 929 596 Doc.
948 549 998 613 41.
1016 568 1058 578 —
1083 537 1137 596 An.
1157 548 1245 611 1505.

407 764 572 850 cionisque
604 765 823 827 ministrorum
852 765 1012 828 defectum
1036 766 1188 827 hactenus
1211 784 1276 826 non
1300 765 1375 826 satis
1398 765 1568 826 commode
1594 785 1666 826 con-

402 871 569 950 tinuatam,
594 873 678 932 iuxta
703 873 853 953 placitum
882 873 1039 951 divinum,
1062 892 1182 952 sueque
1207 871 1398 932 intencionis
1421 870 1569 932 effectum
1594 892 1661 953 per-

407 991 536 1058 petuare
550 991 580 1040 et
596 978 690 1040 donis
702 979 890 1040 melioribus
906 999 965 1062 pro
982 979 1167 1040 necessitate
1178 979 1278 1038 victus
1291 977 1510 1038 ministrorum
1524 975 1666 1054 fundare,

406 1102 553 1164 onusque
586 1085 841 1166 supportacionis
873 1083 1028 1164 eiusdem,
1060 1098 1094 1146 ut
1130 1086 1261 1146 immota
1293 1103 1419 1165 semper
1451 1083 1667 1164 inviolataque

406 1191 568 1271 perpetuis
592 1190 706 1252 futuris
726 1191 925 1272 temporibus
942 1191 1080 1269 duraret,
1096 1191 1190 1252 nobis
1207 1189 1374 1270 injungere
1391 1189 1534 1270 cupiens,
1551 1190 1668 1251 litteras

407 1296 562 1378 quasdam
598 1318 670 1359 suas
704 1299 930 1380 privilegiales,
957 1298 1197 1381 privilegialiter
1232 1310 1263 1358 et
1293 1298 1451 1359 autentice
1483 1316 1578 1378 super
1609 1296 1668 1357 hoc

407 1417 569 1465 emanatas
592 1405 686 1466 nobis
709 1405 912 1484 exhibuisset,
937 1424 1072 1466 monens
1095 1423 1153 1466 nos
1177 1404 1345 1465 salubriter
1369 1417 1400 1464 et
1423 1403 1603 1480 exhortans,
1635 1416 1669 1462 ut

406 1529 488 1570 onus
518 1511 772 1592 supportationis
803 1512 901 1593 ipsius
931 1512 1026 1572 misse
1062 1512 1111 1572 vel
1141 1511 1202 1572 hoc
1237 1510 1317 1591 ipso,
1341 1509 1430 1591 quod
1454 1509 1593 1570 accionis
1616 1509 1667 1589 pie

407 1615 532 1697 pietatis
563 1616 629 1697 ipsa
662 1617 819 1698 premium
856 1631 937 1678 esset
968 1617 1084 1695 subire,
1107 1635 1331 1697 assumereque
1363 1615 1396 1676 in
1428 1634 1487 1675 nos
1510 1633 1668 1674 successo-

407 1742 520 1802 resque
545 1735 669 1783 nostros
692 1722 892 1801 deberemus,
913 1723 1097 1804 litterasque
1121 1736 1244 1784 nostras
1267 1721 1475 1803 obligatorias
1497 1719 1668 1801 superinde

407 1847 465 1909 pro
499 1829 622 1889 cautela
647 1827 750 1890 lutura
776 1831 834 1890 sub
860 1829 966 1910 sigillo
992 1844 1101 1890 nostro
1125 1828 1291 1910 capitulari
1316 1826 1428 1907 majori
1453 1839 1483 1886 et
1507 1826 1668 1886 autentico

407 1933 519 1994 litteris
542 1935 606 1994 suis
629 1934 883 2016 privilegialibus
907 1936 946 1996 de
971 1936 1069 1996 verbo
1093 1935 1133 1996 ad
1157 1935 1291 1996 verbum
1315 1932 1450 2010 insertis,
1471 1931 1577 1992 eidem
1594 1951 1669 1991 con-

407 2041 602 2102 cederemus.
635 2041 780 2113 Quarum
813 2055 905 2103 tenor
936 2055 970 2103 ut
1001 2042 1144 2122 sequitur
1167 2041 1238 2102 talis
1263 2052 1325 2101 est:
1350 2038 1435 2120 (vide
1461 2037 1539 2098 Doc.
1562 2058 1606 2117 40
1631 2037 1669 2098 de

407 2165 491 2206 anno
510 2167 600 2226 ¹505·
625 2169 649 2208 1.
668 2147 798 2228 aprilis).
816 2149 883 2208 Nos
900 2148 1018 2228 itaque,
1036 2167 1101 2209 non
1117 2161 1224 2208 tamen
1238 2165 1293 2228 spe
1310 2144 1473 2206 commodi
1491 2144 1668 2225 cuiuspiam

407 2265 461 2311 ant
493 2251 572 2312 lucri
604 2254 800 2334 temporalis,
822 2274 919 2334 quam
951 2255 981 2314 vi
1013 2255 1159 2316 salutaris
1190 2267 1220 2314 et
1251 2252 1358 2313 debite
1381 2251 1582 2330 obediencie,
1607 2271 1668 2331 que

406 2358 557 2438 precipua
590 2360 696 2420 omnis
728 2360 804 2420 boni
836 2361 1030 2422 observatrix
1063 2374 1094 2422 et
1122 2361 1212 2441 quasi
1236 2371 1342 2420 custos
1366 2357 1498 2439 quidam
1522 2358 1668 2419 omnium

407 2463 518 2542 extitit,
535 2465 593 2545 ipsi
620 2511 758 2528 .....
784 2481 892 2528 nostro
917 2513 1057 2529 .....
1083 2467 1196 2529 sedulo
1220 2486 1276 2548 per
1295 2485 1354 2527 nos
1374 2464 1546 2526 exhibendi
1564 2465 1667 2526 cultus

408 2569 507 2630 divini
531 2569 645 2650 majori
669 2573 701 2632 in
726 2573 810 2634 dicta
834 2574 966 2636 ecclesia
991 2575 1188 2636 incremento
1217 2573 1257 2634 ad
1282 2572 1342 2633 hoc
1366 2570 1417 2633 vel
1441 2571 1600 2652 imprimis
1623 2571 1668 2631 in-

407 2674 505 2754 ducti,
530 2677 693 2738 communi
719 2699 874 2740 consensu
908 2680 1039 2761 parique
1064 2693 1095 2741 et
1119 2679 1263 2742 unanimi
1291 2678 1466 2754 voluntate,
1491 2691 1615 2738 matura
1639 2689 1669 2738 et

407 2780 553 2862 diligenti
588 2782 823 2846 deliberacione
857 2787 1021 2867 premissa,
1045 2806 1127 2847 onus
1159 2785 1414 2867 supportationis
1448 2783 1547 2865 ipsius
1574 2783 1668 2844 misse

406 2887 595 2949 sanctissimi
621 2890 703 2970 regis
728 2891 880 2972 Stephani
906 2893 991 2954 iuxta
1016 2892 1152 2954 formam
1177 2906 1208 2953 et
1230 2906 1373 2953 tenorem
1398 2890 1575 2952 litterarum
1608 2889 1668 2970 pri-

406 2993 604 3073 vilegialium
629 2997 884 3058 reverendissimi
910 2999 1032 3060 domini
1057 2999 1154 3060 nostri
1180 2998 1218 3076 ad
1243 2999 1377 3059 verbum
1400 2995 1451 3057 hic
1468 2996 1668 3072 insertarum,

407 3099 439 3159 in
464 3119 533 3178 nos,
556 3120 817 3184 successoresque
841 3117 965 3165 nostros
988 3105 1186 3186 suscepimus
1216 3117 1247 3166 et
1269 3103 1515 3185 acceptavimus,
1539 3101 1668 3181 suscipi·

407 3223 543 3285 musque
577 3219 607 3266 et
631 3221 832 3289 acceptamus
862 3210 1024 3292 perpetuis
1047 3230 1172 3292 semper
1204 3209 1317 3270 futuris
1340 3208 1540 3290 temporibus
1563 3207 1668 3268 debita

407 3329 480 3370 cum
513 3311 695 3373 celebritate
728 3312 864 3376 ferentes
897 3329 928 3376 et
951 3330 1154 3397 exequentes,
1179 3315 1228 3376 his
1252 3314 1498 3377 condicionibus
1521 3312 1666 3393 adjectis:

408 3429 442 3476 ut
464 3417 610 3497 quolibet
641 3418 691 3478 die
717 3433 855 3500 quatuor
877 3442 915 3483 ex
948 3421 1095 3484 fratribus
1119 3421 1235 3483 nostris
1259 3441 1317 3502 per
1341 3439 1373 3481 se
1397 3418 1448 3480 vel
1471 3418 1666 3495 substitutos,

407 3521 521 3602 quinto
546 3524 647 3604 ipsam
671 3525 800 3586 missam
825 3547 898 3589 cum
923 3529 1023 3590 tribus
1047 3528 1199 3607 collectis,
1228 3527 1375 3588 videlicet
1397 3529 1436 3586 de
1461 3538 1572 3586 sancto
1596 3544 1666 3604 rege

408 3627 571 3709 Stephano
595 3629 628 3691 in
652 3631 761 3693 medio
785 3634 1027 3716 cumcollecta,
1044 3655 1107 3716 que
1131 3635 1246 3696 dicitur
1267 3653 1326 3716 pro
1349 3632 1451 3694 salute
1474 3632 1624 3692 vivorum
1639 3643 1669 3690 et

406 3745 619 3814 mortuorum,
641 3737 808 3800 videlicet:
833 3739 930 3820 Deus,
948 3741 1004 3821 qui
1028 3741 1175 3802 vivorum
1196 3739 1373 3802 dominaris
1388 3738 1485 3799 simul
1501 3750 1533 3798 et
1548 3747 1668 3798 mortu-

407 3859 499 3901 orum
532 3855 591 3904 etc.
616 3844 840 3906 concludendo
872 3866 944 3907 cum
977 3846 1110 3908 collecta
1141 3846 1181 3908 de
1205 3858 1315 3908 sancto
1340 3845 1427 3906 Luca
1451 3843 1667 3924 ewangelista,

407 3946 611 4026 celebrand0,
636 3949 803 4012 decantare
828 3965 1006 4014 teneantur.
1025 3952 1167 4014 Custode
1185 3952 1284 4034 ipsius
1301 3950 1433 4012 ecclesie
1450 3970 1508 4032 pro
1524 3963 1667 4031 tempore

407 4054 579 4115 constituto
612 4075 728 4135 panem
763 4073 793 4118 et
827 4059 939 4120 vinum
975 4080 1010 4121 ac
1042 4059 1213 4120 luminaria
1245 4058 1285 4120 ad
1315 4058 1405 4140 pium
1435 4057 1496 4119 hoc
1520 4075 1612 4138 opus,
1636 4067 1668 4116 ut

406 4158 559 4221 hactenus
584 4181 713 4243 quoque
739 4165 943 4226 observatum
968 4179 1024 4244 est,
1041 4164 1234 4226 sufficienter
1257 4162 1502 4226 administrandi
1524 4177 1555 4223 et
1570 4161 1667 4224 nichi-

407 4265 548 4328 lominus
579 4267 693 4329 sedulo
727 4283 758 4330 et
782 4271 952 4351 diligenter
976 4271 1171 4350 attendendi,
1200 4290 1241 4332 ne
1264 4270 1443 4352 cuiuspiam
1463 4267 1668 4349 indiligencia

407 4389 488 4452 opus
519 4371 579 4434 hoc
616 4373 815 4436 salutiferum
850 4389 904 4437 aut
936 4378 968 4438 in
1001 4397 1034 4438 se
1067 4376 1303 4458 quoquomodo
1336 4375 1517 4456 negligatur
1545 4387 1608 4451 ,aut
1637 4374 1668 4434 in

407 4476 643 4562 sollempnitate
671 4482 821 4562 requisita
839 4481 1046 4544 diminuatur.
1061 4483 1158 4556 Quod
1176 4483 1200 4544 si
1215 4482 1337 4543 incuria
1350 4480 1528 4563 cuiuspiam
1541 4480 1669 4541 missam

407 4584 509 4664 ipsam
541 4585 685 4667 intercipi
718 4589 891 4669 contingat,
928 4590 954 4649 is
985 4589 1024 4650 ad
1057 4589 1251 4651 relacionem
1286 4587 1427 4650 custodis
1457 4587 1491 4648 in
1525 4586 1668 4668 proxima

407 4689 566 4751 divisione
598 4691 725 4753 duobus
758 4706 788 4753 et
811 4695 938 4774 triginta
970 4695 1091 4774 solidis,
1117 4696 1206 4757 omni
1231 4695 1422 4776 excepcione
1447 4705 1581 4772 remota,
1604 4693 1669 4752 sine

407 4795 567 4858 dilacione
602 4799 743 4879 privetur
774 4813 805 4860 et
837 4801 1067 4862 nichilominus
1098 4822 1154 4883 per
1186 4822 1218 4862 se
1254 4801 1304 4862 vel
1335 4801 1545 4881 subrogatum
1570 4800 1669 4880 ipsam

407 4902 546 4980 missam,
578 4922 617 4963 eo
650 4906 790 4982 absente,
824 4922 929 4968 custos
961 4927 1017 4988 per
1047 4927 1080 4968 se
1112 4921 1166 4968 aut
1195 4927 1252 4990 per
1275 4908 1482 4968 substitutum
1506 4903 1669 4988 postridie,

407 5007 546 5088 legendo
569 5021 703 5090 tantum,
727 5014 836 5094 peragi
853 5015 987 5075 omnino
1004 5013 1119 5076 debeat
1135 5027 1166 5076 et
1182 5027 1337 5076 teneatur.
1365 5015 1413 5076 Eo
1431 5032 1507 5074 vero
1524 5024 1667 5096 presente
