3808 5792
445 559 509 603 210
863 543 938 604 Doc.
962 539 1033 618 169.
1058 575 1097 586 -
1122 543 1179 602 An.
1202 554 1290 618 1521.

444 768 626 846 Wladislai,
651 767 703 830 dei
726 767 832 850 gracia
856 768 935 830 alias
958 768 1042 850 regis
1066 769 1234 852 Hungarie
1259 783 1290 834 et
1314 771 1469 833 bohemie
1505 785 1566 834 etc.
1594 771 1626 832 in
1653 773 1707 833 ab·

444 875 551 936 sencia
575 875 719 937 eiusdem
742 873 880 936 condam
904 875 1079 937 Maiestatis
1102 877 1190 958 regie
1218 877 1475 957 locumtenentis,
1499 860 1708 959 prudentibus

445 996 476 1044 et
500 981 737 1063 circumspectis
760 981 846 1060 viris,
863 981 1023 1063 magistris
1040 983 1288 1065 calcariparibus
1312 997 1344 1045 et
1367 984 1570 1064 seratoribus,
1588 984 1709 1045 civibus

446 1103 477 1150 et
500 1079 769 1150 inhabitatoribus
793 1087 954 1150 inferioris
977 1077 1124 1152 similiter
1146 1091 1234 1172 regie
1258 1091 1395 1152 civitatis
1419 1090 1599 1170 Crisiensis,
1615 1110 1709 1172 super

446 1195 675 1258 observacione
699 1195 866 1256 cuiusdam
891 1215 974 1256 nove
999 1196 1095 1257 czehe
1118 1216 1174 1258 seu
1199 1196 1477 1275 confraternitatis,
1510 1197 1709 1258 continentes

445 1302 478 1362 in
503 1322 536 1363 se
560 1315 663 1364 certos
686 1315 717 1364 et
741 1302 832 1383 quasi
857 1302 970 1382 viginti
995 1315 1058 1364 tres
1082 1303 1234 1366 articulos
1267 1304 1424 1366 libertatis
1456 1302 1633 1364 eorundem
1668 1303 1707 1364 ad

445 1407 603 1470 honorem
626 1421 657 1470 et
681 1409 722 1470 ad
744 1407 875 1470 laudern
899 1407 950 1470 dei
975 1410 1208 1492 omnipotentis
1237 1423 1269 1472 et
1300 1410 1482 1472 beatissime
1516 1409 1616 1471 Marie
1648 1409 1709 1470 vir-

444 1515 538 1595 ginis,
562 1515 724 1596 genitricis
748 1514 903 1593 eiusdem,
928 1513 1101 1596 confectos,
1122 1535 1179 1598 per
1195 1516 1301 1599 ipsum
1318 1515 1524 1598 spectabilem
1541 1529 1572 1576 et
1588 1515 1710 1596 magni·

445 1620 542 1682 ficum
567 1621 704 1683 condam
742 1621 911 1682 dominum
946 1621 1130 1684 Emericum
1163 1622 1203 1683 de
1238 1622 1338 1683 Peren
1374 1622 1551 1704 palatinum
1585 1633 1642 1683 etc.
1678 1621 1710 1682 in

443 1747 579 1809 persona
603 1726 686 1788 dicte
710 1727 847 1788 condam
873 1727 1046 1788 Maiestatis
1069 1728 1155 1810 regie
1191 1728 1420 1810 presidentem,
1454 1741 1563 1809 gratos
1598 1741 1628 1789 et
1658 1748 1709 1789 ac-

444 1847 553 1915 ceptos
576 1832 819 1914 privilegialiter
842 1832 875 1893 in
898 1852 1094 1914 pergameno
1118 1833 1234 1913 editas,
1254 1834 1427 1916 sigilloque
1451 1853 1521 1911 suo,
1545 1853 1611 1914 quo
1633 1847 1710 1895 tunc

444 1942 592 2002 utebatur
616 1940 730 2001 maiori
766 1939 799 2000 in
831 1939 985 2022 pendenti
1009 1941 1184 2019 roboratas,
1208 1961 1265 2023 per
1288 1939 1418 2033 eosdem
1442 1959 1519 2002 vero
1543 1941 1711 2022 magistros

443 2046 652 2129 calcaripares
675 2059 706 2108 et
728 2059 884 2108 seratores
907 2046 993 2107 cives
1017 2061 1048 2108 et
1071 2047 1301 2110 inhabitatores
1325 2047 1408 2109 dicte
1445 2045 1605 2108 inferioris
1632 2046 1709 2107 civi·

444 2153 516 2215 tatis
540 2152 712 2214 Crisiensis
735 2151 776 2213 ad
800 2153 1009 2214 literatoriam
1033 2153 1228 2234 peticionem
1253 2165 1395 2215 nostram
1419 2173 1456 2214 ac
1490 2153 1531 2216 de
1555 2152 1709 2234 benepla-

444 2259 505 2320 cita
529 2259 693 2321 voluntate
718 2271 749 2320 et
772 2259 953 2321 annuencia
977 2271 1085 2321 nostra
1110 2259 1203 2321 dictis
1227 2260 1386 2342 magistris
1410 2259 1656 2341 calcariparibus
1680 2272 1710 2320 et

442 2365 647 2446 seratoribus,
676 2385 803 2427 necnon
828 2363 925 2427 labris
948 2377 979 2426 et
1001 2365 1245 2447 gladiatoribus,
1270 2357 1456 2428 concivib'us
1473 2365 1598 2444 nostris,
1623 2365 1709 2426 simi·

443 2472 515 2534 liter
538 2492 634 2554 super
657 2472 841 2534 volentibus
865 2472 1095 2533 observacione
1119 2472 1234 2533 similis
1267 2471 1362 2532 czehe
1387 2491 1444 2553 per
1467 2471 1599 2532 eosdem
1622 2471 1710 2553 prius

444 2598 517 2640 cum
542 2578 634 2640 dictis
658 2579 817 2661 magistris
841 2578 1068 2658 Crisiensibus,
1093 2577 1215 2639 eisdem
1239 2597 1272 2639 se
1296 2578 1382 2660 ipsos
1406 2577 1445 2638 de
1469 2591 1576 2639 cetero
1599 2598 1710 2658 aggre-

441 2685 551 2765 gandi,
575 2686 650 2746 satis
686 2685 772 2746 bona
798 2697 829 2746 et
853 2683 1010 2745 laudabili
1036 2683 1209 2746 concordia
1234 2682 1314 2744 facta
1338 2695 1369 2746 et
1391 2681 1525 2745 firmiter
1548 2685 1710 2746 observari

443 2803 615 2872 assumpta,
639 2802 734 2872 prout
757 2790 833 2871 ipsis
857 2789 989 2872 placuit,
1012 2810 1069 2872 per
1092 2809 1152 2851 nos
1181 2789 1221 2851 de
1245 2803 1371 2851 maturo
1395 2789 1543 2851 omnium
1566 2804 1710 2852 nostrum

444 2897 580 2958 consilio
604 2895 671 2957 fieri
696 2915 860 2975 consensa,
893 2909 924 2958 et
959 2896 1081 2957 eisdem
1112 2895 1152 2956 ad
1184 2895 1450 2957 transumendum
1480 2895 1622 2972 traditas,
1653 2916 1712 2979 pro

443 3003 586 3085 ipsorum
610 3002 772 3065 salutifera
796 3016 831 3064 ut
865 3003 1060 3085 premittitur
1080 3003 1217 3064 utilitate
1240 3014 1272 3064 et
1295 3001 1410 3062 virtute
1432 3000 1617 3064 divinorum
1641 3000 1712 3063 orfi-

444 3110 567 3171 ciorum
592 3108 707 3170 exinde
732 3108 983 3190 sequendorum,
1020 3127 1160 3190 quorum
1195 3108 1417 3170 celebracione
1455 3107 1572 3187 fienda,
1600 3109 1712 3170 eadem

443 3236 476 3277 se
501 3216 586 3297 ipsos
610 3215 763 3296 consequi
787 3234 852 3277 non
877 3214 1035 3293 dubitant,
1058 3215 1248 3276 transummi
1272 3227 1304 3276 et
1329 3213 1498 3276 transcribi
1523 3213 1711 3293 faceremus,

441 3321 635 3404 easdemque
659 3335 690 3382 et
712 3321 844 3383 eosdem
868 3340 904 3382 ac
928 3320 1037 3382 omnia
1065 3321 1098 3382 in
1122 3321 1168 3381 eis
1184 3333 1333 3382 contenta
1362 3339 1421 3402 pro
1437 3334 1529 3402 grato
1547 3334 1712 3402 acceptare

443 3442 474 3491 et
497 3428 628 3491 eosdem
652 3428 830 3509 magistros,
855 3439 891 3489 ut
912 3427 1105 3509 premissum
1130 3439 1186 3506 est,
1203 3426 1395 3488 nominatim
1414 3425 1562 3488 concives
1585 3441 1712 3488 nostros

444 3535 597 3597 insimili
622 3534 768 3596 libertate
800 3534 832 3595 in
866 3533 988 3595 eisdem
1018 3533 1118 3594 literis
1149 3517 1342 3594 articulatim
1374 3543 1523 3593 contenta
1554 3546 1712 3614 perpetuo

443 3660 630 3702 conservare
654 3640 870 3720 dignaremur.
904 3635 1186 3720 Quarumquide'm
1215 3639 1393 3699 litterarum
1427 3650 1520 3699 tenor
1543 3652 1575 3699 et
1598 3639 1712 3700 articu-

443 3748 548 3808 lorum
572 3746 704 3807 tandem
727 3746 824 3806 series
848 3745 1053 3826 subsequitur
1074 3745 1107 3806 in
1131 3744 1217 3806 hunc
1241 3743 1395 3806 modum:

548 3852 714 3914 Emericus
730 3850 769 3912 de
782 3851 895 3930 Peren,
908 3871 1017 3912 comes
1029 3863 1202 3934 perpetuus
1219 3851 1391 3914 comitatus
1409 3851 1712 3934 Abawyvvariensis,

442 3960 532 4041 regni
547 3957 712 4040 Hungarie
730 3957 890 4039 palatinus
903 3971 934 4020 et
945 3958 1039 4039 judex
1053 3957 1274 4019 Comanorum
1300 3977 1335 4018 ac
1348 3957 1543 4035 serenissimi
1557 3958 1713 4040 principis

441 4080 472 4126 et
496 4065 634 4143 domini,
657 4063 781 4124 domini
807 4063 990 4142 Wladislai,
1015 4063 1067 4124 dei
1091 4063 1197 4143 gracia
1221 4063 1304 4145 regis
1321 4062 1488 4145 Hungarie
1506 4076 1537 4123 et
1554 4063 1711 4124 Bohenrie

443 4185 501 4234 etc.
526 4171 650 4232 domini
675 4171 775 4232 nostri
797 4170 1022 4251 graciosissimi
1048 4171 1332 4252 impresentiarum
1350 4170 1382 4232 in
1400 4171 1548 4232 absencia
1570 4190 1627 4232 sue
1644 4172 1712 4232 Ma-

442 4278 563 4340 iestatis
598 4277 830 4338 locumtenens.
868 4277 920 4337 Ad
944 4291 1086 4338 eternam
1120 4277 1166 4338 rei
1191 4277 1393 4338 memoriam.
1426 4277 1531 4346 Decet,
1558 4296 1625 4354 eos,
1658 4275 1712 4358 qui

442 4403 498 4464 per
521 4383 643 4463 regiam
668 4382 892 4444 celsitudinem
916 4382 956 4443 ad
980 4381 1157 4463 reipublice
1182 4382 1416 4462 gubernamina
1440 4380 1713 4463 preficiuntur'ad

442 4489 614 4551 commoda
638 4502 669 4550 et
696 4488 849 4549 utilitates
880 4487 1082 4549 subditorum
1116 4488 1201 4568 regie
1233 4487 1427 4549 excellencie
1458 4487 1712 4548 sollicitudinem

441 4613 532 4654 suam
556 4593 720 4671 inclinare,
744 4613 781 4655 ac
805 4593 982 4654 eorundem
1007 4593 1146 4654 cuiusvis
1171 4592 1371 4656 condicionis
1395 4593 1540 4671 existant,
1567 4592 1713 4653 raciona-

443 4699 522 4760 biles
545 4698 721 4780 peticiones
745 4698 924 4778 admittere,
949 4712 984 4760 ut
1007 4719 1045 4760 ex
1068 4699 1271 4778 singulorum
1287 4699 1506 4760 membrorum
1532 4711 1616 4760 recta
1640 4718 1714 4782 pro-

442 4804 564 4864 visione
588 4805 692 4866 tocius
717 4805 860 4886 corporis
885 4806 970 4866 bona
994 4805 1167 4886 disposicio
1192 4805 1334 4867 resultet.
1358 4803 1499 4866 Proinde
1519 4805 1559 4866 ad
1584 4805 1714 4866 univer-

441 4927 550 4970 sorum
574 4911 727 4972 noticiam
750 4923 817 4972 tarn
840 4911 1042 4993 presencium
1067 4929 1165 4993 quam
1189 4909 1372 4973 futurorum
1403 4909 1518 4972 harum
1542 4911 1625 4972 serie
1656 4929 1712 4971 vo-

442 5015 549 5086 lumus
565 5017 742 5098 pervenire,
756 5015 844 5098 quod
858 5015 982 5098 prefato
999 5016 1203 5079 serenissimo
1220 5016 1363 5099 principe
1381 5015 1515 5077 domino
1527 5015 1710 5077 Wladislao
