3808 5792
675 511 747 571 Dae.
772 523 842 586 190.
869 544 908 554 -
933 511 991 570 An.
1017 523 1109 592 1524.
1181 501 1184 506 ’
1457 531 1519 594 ²39

983 618 1083 624 ——.
1095 619 1310 626 -—..-—-.
1318 621 1519 628 ψ..-

840 738 926 804 190.

359 897 435 947 Anno
458 895 532 947 1524.
554 895 595 950 10.
615 895 750 949 februarii.
770 893 890 949 Posonii.

251 1039 420 1098 Luciauicus
446 1039 487 1100 ΙΙ.
513 1041 617 1114 Jiccng.
642 1047 690 1096 etc.
725 1058 789 1108 ccx,
814 1040 897 1097 banis
932 1039 1092 1100 scamoniae
1129 1045 1214 1116 regni
1238 1046 1394 1118 praecipit,
1419 1053 1453 1102 ut
1472 1063 1521 1102 cx-

254 1147 384 1221 quirant,
409 1164 504 1220 quare
537 1146 717 1219 Margarcta
750 1139 869 1218 blcniag
902 1152 930 1202 ct
962 1128 1126 1220 Stephanui
1156 1151 1307 1208 Dcesiraui
1334 1151 1523 1222 passessiones

251 1252 389 1308 bononem
414 1253 575 1309 Petrauina
598 1259 626 1308 ct
647 1231 835 1324 Silsirkauina
854 1253 1054 1310 communitati
1084 1255 1211 1312 ciuitatis
1224 1264 1283 1328 per
1304 1258 1522 1324 minimuum,

380 1365 467 1432 atque
489 1359 518 1414 si
530 1366 591 1432 par
623 1357 729 1432 suerit,
753 1365 787 1414 ut
807 1358 881 1422 bana
903 1359 1104 1418 communitati
1117 1363 1244 1434 propria
1266 1361 1394 1422 tractant.

904 1496 1064 1548 Commisslo
1084 1499 1194 1562 propria
1213 1499 1311 1550 domini
1334 1499 1414 1564 regis.

362 1585 548 1647 Ludouicus
572 1585 624 1649 dei
648 1585 754 1666 gracia
778 1605 831 1646 rex
857 1585 1023 1664 Hungarie
1046 1599 1076 1647 et
1095 1587 1250 1650 Bohemie
1272 1601 1330 1650 etc.
1356 1588 1522 1649 Fidelibus

255 1692 371 1752 nostris
393 1692 558 1773 spectabili
584 1704 614 1754 et
638 1691 816 1773 magnificis
840 1691 954 1752 loanni
980 1691 1146 1773 Torquato
1178 1693 1286 1754 comiti
1320 1693 1521 1755 corbauiensi

144 1801 151 1814 '
256 1810 286 1858 et
310 1798 425 1859 loanni
447 1797 486 1858 de
511 1796 606 1858 Thah
630 1816 802 1878 regnorum
827 1810 1010 1858 nostrorum
1031 1795 1205 1875 Dalmacie‚
1228 1798 1362 1861 Croacie
1388 1813 1418 1860 et
1436 1799 1521 1861 Scla-

255 1902 352 1964 uonie
377 1903 469 1964 banis
493 1915 659 1964 eteorum
684 1903 847 1964 vicebanis
871 1902 1007 1964 salutem
1032 1915 1063 1964 et
1085 1903 1236 1983 graciam.
1263 1904 1450 1986 Expositum
1476 1917 1522 1966 est

256 2009 412 2070 Maiestati
430 2022 535 2071 nostre
554 2009 585 2069 in
604 2007 747 2091 personis
764 2007 909 2070 fidelium
927 2022 1110 2070 nostrorum
1129 2009 1322 2090 prudentum
1340 1997 1371 2072 et
1387 2011 1522 2072 circum·

254 2127 436 2196 spectorum
460 2113 575 2196 judicis
598 2127 630 2176 et
653 2113 841 2194 juratorum,
858 2127 1103 2195 ceterorumque
1121 2115 1238 2176 civium
1257 2115 1401 2177 civitatis.
1416 2131 1522 2178 nostre

255 2222 374 2282 montis
398 2220 577 2299 Grecensis,
605 2220 692 2301 quod
719 2239 792 2281 cum
817 2217 903 2302 ipsos
926 2219 1145 2301 superioribus
1169 2220 1283 2282 diebus
1310 2221 1395 2282 iuxta
1420 2221 1521 2282 conti·

256 2327 385 2388 nencias
410 2326 587 2388 litterarum
614 2340 794 2388 nostrarum
821 2326 1094 2387 restatutoriarum
1119 2325 1218 2388 homo
1242 2339 1350 2388 noster
1366 2327 1472 2408 regius
1487 2347 1522 2388 ac

256 2432 476 2494 testimonium
500 2431 631 2514 capituli
650 2431 782 2493 ecclesie
800 2431 1015 2512 zagrabiensis
1033 2431 1063 2492 in
1082 2431 1264 2493 dominium
1285 2433 1520 2515 possessionum

257 2538 471 2620 Pethrowyna
496 2551 527 2598 et
552 2527 769 2619 Sylako'wyna
796 2549 994 2616 vocatarum,
1018 2538 1153 2598 omnino
1178 2538 1208 2598 in
1235 2519 1389 2600 comititu
1413 2559 1521 2620 zagru-

257 2645 358 2705 biensi
384 2643 603 2722 existencium,
619 2643 811 2720 habitarum,
826 2643 1026 2705 introducere
1043 2663 1079 2704 ac
1103 2642 1231 2706 easdem
1249 2645 1368 2706 eisdem
1386 2657 1523 2706 statuere

257 2751 444 2829 voluissent,
468 2763 543 2811 tunc
567 2751 714 2831 egregius
745 2748 927 2832 Stephanus
963 2748 1110 2832 Deshazy
1141 2770 1176 2811 ac
1200 2769 1354 2832 generosa
1390 2751 1521 2812 domina

259 2856 457 2937 Margaretba
481 2856 520 2917 de
547 2855 721 2938 Hennyng,
739 2855 846 2916 relicta
864 2854 1014 2916 videlicet
1030 2854 1191 2935 magnifici
1208 2856 1372 2938 quondam
1391 2856 1522 2918 loannis

260 2961 372 3044 Banffy
409 2963 448 3023 de
484 2961 660 3040 Bolondos,
685 2981 802 3034 socrus,
827 2976 857 3022 et
891 2966 985 3024 Anna
1023 2981 1154 3023 consors
1189 2961 1333 3022 eiusdem
1369 2961 1521 3043 Stephani

259 3067 416 3150 Deshazy,
441 3067 579 3127 nescitur
603 3087 667 3148 qua
692 3067 778 3128 ducti
795 3067 975 3146 occasione,
989 3067 1092 3128 missis
1116 3081 1147 3127 et
1172 3067 1336 3128 destinatis
1360 3067 1523 3128 nobilibus

259 3173 380 3234 Jacobo
405 3172 584 3254 Roschych,
612 3171 776 3254 Stephano
808 3172 1048 3256 Czednyltoych
1081 3186 1112 3235 et
1142 3173 1214 3234 aliis
1245 3191 1342 3254 quam
1377 3173 1523 3256 pluribus

259 3277 444 3340 hominibus
468 3291 498 3338 et
521 3278 733 3339 familiaribus
757 3279 901 3360 ipsorum
927 3279 1056 3340 armatis
1080 3279 1229 3340 manibus
1258 3293 1288 3340 et
1319 3279 1523 3359 potenciariis

259 3386 299 3445 ab
338 3383 556 3465 exequucione
604 3383 779 3444 earundem
827 3383 1002 3445 litterarum
1032 3397 1210 3446 nostrarum
1251 3384 1522 3446 restatutoriarum

259 3491 450 3572 repulissent
496 3503 526 3550 et
577 3488 704 3550 easdem
745 3490 962 3570 possessiones
1008 3491 1199 3572 Petrowyna
1238 3503 1269 3551 et
1308 3489 1524 3571 Sylakowyna

260 3609 388 3657 vocatas
422 3593 498 3676 ipsis
530 3593 626 3675 judici
663 3609 693 3656 et
730 3595 849 3674 juratis,
873 3595 1049 3677 ceterisque
1086 3595 1209 3657 civibus
1246 3595 1382 3656 civitatis
1417 3608 1523 3656 nostre

261 3702 379 3763 montis
403 3699 572 3762 Grecensis
596 3702 724 3762 restatui
750 3702 883 3762 minime
908 3702 1124 3784 permisissent
1152 3721 1257 3783 neque
1281 3701 1381 3763 dictas
1405 3701 1524 3763 litteras

261 3821 383 3868 nostras
406 3808 520 3888 exequi
545 3827 603 3868 suo
628 3807 727 3868 modo
752 3807 986 3888 permisissent;
1011 3807 1097 3889 ipsos
1129 3808 1258 3889 insuper
1291 3823 1434 3870 nostrum
1466 3807 1523 3869 ho-

261 3912 381 3973 minem
406 3925 436 3973 et
459 3912 679 3973 testimonium
697 3912 826 3994 capituli
852 3913 947 3973 variis
963 3925 993 3973 et
1009 3913 1200 3994 turpissimis
1216 3913 1386 3976 verborum
1412 3927 1523 3974 contu-

262 4018 366 4079 meliis
390 4017 519 4079 affectos
543 4018 603 4078 nisi
628 4016 703 4098 fuge
727 4017 867 4099 presidio
892 4017 951 4078 sibi
981 4017 1217 4079 consuluissent
1241 4018 1413 4080 miserabili
1446 4037 1523 4079 nece

262 4123 441 4209 interlicere·
461 4123 653 4198 voluissent;
677 4123 777 4184 multa
802 4123 903 4184 eciam
927 4123 988 4184 alia
1012 4123 1170 4184 violenter
1193 4136 1224 4186 et
1238 4137 1347 4184 contra
1363 4125 1525 4185 libertates

262 4229 351 4311 regni
375 4228 474 4290 nostri
499 4228 631 4289 nomine
656 4243 687 4289 et
710 4247 746 4289 ex
780 4228 944 4290 voluntate
978 4228 1154 4289 eorundem
1192 4229 1524 4312 Stephanilleshazy

262 4355 297 4396 ac
320 4355 428 4396 socrus
452 4347 483 4395 et
507 4333 614 4394 uxoris
630 4352 759 4394 suarum
776 4333 990 4415 predictarum
1007 4333 1093 4394 iuxta
1110 4333 1328 4395 continencias
1346 4334 1522 4396 litterarum

263 4439 338 4501 dicti
363 4439 493 4520 capituli
518 4438 732 4520 zagrabiensis
755 4438 927 4520 superinde
944 4437 1160 4500 confectarum
1177 4451 1321 4521 tempore
1340 4439 1524 4500 huiusmodi

263 4544 483 4607 restatucionis
507 4545 675 4605 commissa
700 4557 804 4606 essent
827 4559 857 4604 et
881 4557 1058 4626 perpetrata
1082 4546 1229 4628 potencia
1246 4543 1418 4607 mediante.
1444 4545 1524 4626 Sup-

262 4650 416 4731 plicatum
441 4649 547 4731 itaque
572 4649 675 4710 extitit
711 4649 869 4710 Maiestati
902 4663 1008 4712 nostre
1032 4650 1064 4711 in
1093 4650 1238 4731 personis
1272 4663 1523 4713 memoratorum

263 4755 498 4836 exponencium
523 4767 558 4817 ut
581 4755 702 4817 eisdem
728 4755 809 4816 circa
834 4755 986 4836 premissa
1011 4755 1050 4816 de
1072 4769 1256 4837 opportuno
1279 4754 1356 4837 juris
1381 4755 1525 4816 remedio

264 4860 433 4942 providere
457 4858 673 4943 dignaremur.
699 4860 890 4921 Mandamus
914 4861 1011 4941 igitur
1034 4859 1179 4922 fidelitati
1196 4874 1298 4923 vestre
1315 4860 1429 4922 harum
1445 4861 1525 4922 serie

264 4965 406 5045 firmiter,
431 4968 581 5048 quatinus
614 4967 751 5048 acceptis
776 4966 976 5048 presentibus
999 4979 1103 5049 partes
1134 4967 1322 5048 prescriptae
1352 4967 1392 5028 ad
1425 4985 1525 5028 unum
