3732 5802
621 504 694 564 Doc.
720 519 788 566 101.
819 540 849 548 -
877 508 933 569 An.
958 520 1044 583 1512.
1408 535 1464 594 ¹¹9

197 605 434 612 ——..-.-.-.
676 612 838 618 .———

197 729 269 790 pum
297 728 468 780 statutorium
494 743 576 794 snper
601 733 777 795 possessione
806 734 1009 787 Wanibolowcz.
1036 737 1205 804 Privilegiuna
1234 752 1316 803 super
1337 741 1416 790 curiis
1440 746 1466 792 et

196 813 417 878 possessionibus
431 818 456 868 in
467 816 597 885 Zagorya.
609 818 779 887 Privilegium
792 835 873 888 super
887 838 1018 876 consensu
1033 826 1137 878 comitis
1150 825 1215 878 Cilie
1230 828 1261 878 ad
1276 828 1465 891 possessiones

197 903 221 954 in
240 902 372 970 Zagorya.
388 934 420 943 -
439 905 641 972 Transnmptum
660 924 742 975 super
761 911 838 962 bonis
859 912 884 963 in
903 911 1026 978 Zagorya
1051 941 1077 950 —
1095 913 1184 964 Litere
1204 919 1295 966 nostre
1315 921 1463 982 transump-

197 992 316 1044 cionaies
343 994 369 1046 in
393 995 497 1060 papiro.
519 1024 548 1034 -
570 997 634 1050 ltem
658 997 736 1050 litere
759 1014 840 1065 super
858 999 1006 1054 donacione
1026 1002 1209 1067 possessionis
1229 1004 1254 1056 in
1277 1002 1400 1070 Zagorya
1418 1019 1466 1070 per

197 1081 341 1144 capitulum
370 1083 396 1134 in
421 1083 523 1149 papiro.
546 1114 576 1123 —
606 1085 712 1138 literae
741 1087 933 1142 introductoria
961 1104 1043 1154 super
1068 1091 1243 1156 possessione
1269 1093 1412 1159 Corythno.
1433 1123 1464 1132 -

199 1167 264 1220 item
293 1171 371 1222 litere
397 1172 507 1238 Georgii
527 1173 593 1239 Pyrs
619 1189 699 1240 super
724 1177 899 1240 possessione
925 1178 950 1229 iu
976 1177 1107 1244 Zagorya.
1132 1208 1164 1217 -
1191 1179 1359 1246 Privilegiutn
1385 1196 1466 1247 super

196 1257 274 1308 vinea
293 1259 446 1324 hospitalis.
467 1290 498 1300 -
518 1260 582 1313 ltem
601 1263 678 1314 litere
698 1263 807 1329 capituli
826 1265 1008 1330 zagrabieusis
1029 1267 1240 1334 impignoratlcie
1260 1270 1293 1320 de
1313 1267 1461 1334 Schytatio.

198 1373 229 1383 —
249 1345 422 1412 Privilegium
449 1347 558 1414 capituli
583 1351 764 1416 zagrabiensis
791 1353 856 1404 satis
882 1354 1044 1406 distractum.
1070 1384 1097 1392 -
1124 1355 1189 1408 item
1213 1356 1290 1408 litere
1317 1355 1342 1408 in
1365 1358 1460 1422 papiro

197 1431 313 1485 Simonis
335 1433 400 1488 civis
421 1436 445 1488 in
466 1436 605 1503 Crapplna.

303 1561 360 1613 Act.
383 1561 445 1626 Cap.
465 1567 518 1616 ant.
537 1563 601 1614 lasc.
622 1565 679 1618 101.

790 1797 870 1864 101.

305 1948 379 2001 Anno
402 1951 476 2016 1512,
497 1952 520 2006 5.
540 1953 610 2005 maii.
631 1954 658 2006 ln
677 1953 816 2020 Vilegrad.

206 2076 383 2148 Vludr'slaus,
418 2081 521 2154 Hreug.
557 2089 605 2139 etc.
636 2102 699 2152 rex,
729 2081 857 2156 capituli
888 2081 1087 2157 zagrabieusis
1110 2085 1305 2158 patrocinium
1337 2087 1463 2164 suscipit,

197 2182 336 2257 bonisque
365 2187 494 2264 enaredot,
518 2197 552 2246 ut
571 2185 733 2263 cupimlum
756 2189 794 2246 ab
816 2189 1040 2266 insectatoribus,
1059 2191 1262 2267 praeripuere
1285 2191 1464 2252 Bollhasure

696 2293 808 2370 Alapie‘
825 2304 969 2354 ateanucr.

893 2433 1051 2485 Commissio
1070 2435 1179 2498 propria
1197 2435 1296 2487 domini
1314 2436 1396 2502 regis.

305 2555 504 2620 Wladislaus
528 2557 578 2619 dei
603 2559 709 2640 gracia
733 2579 786 2621 rex
808 2559 974 2642 Hungarie
994 2573 1024 2621 et
1044 2559 1199 2621 Bohemie
1220 2572 1278 2624 etc.
1301 2561 1467 2625 Fidelibus

198 2661 316 2722 nostris
340 2661 454 2726 futuris
477 2684 649 2746 regnorum
674 2679 857 2729 nostrorum
884 2665 1060 2745 Dalmacie,
1085 2665 1219 2728 Croacie
1241 2680 1272 2728 et
1294 2667 1466 2731 Sclauonie

198 2767 301 2848 banis,
325 2769 463 2832 salutem
487 2785 517 2833 et
540 2771 691 2853 graciam.
720 2773 885 2846 Quoniam
910 2792 969 2835 nos
992 2771 1103 2834 fideles
1127 2784 1252 2834 nostros
1275 2771 1465 2835 honorabile

197 2875 375 2957 capitulum
410 2877 542 2941 ecclesie
565 2879 780 2960 zagrahiensis
803 2878 977 2941 simulcum
1000 2879 1157 2940 universis
1181 2897 1293 2940 eorum
1319 2880 1412 2941 bonis
1436 2893 1466 2943 et

197 2983 464 3064 possessionibus,
485 2985 757 3067 porcionibusque
782 3000 813 3048 et
837 2983 1035 3066 quibuslibet
1059 2984 1181 3066 juribus
1205 2985 1465 3067 possessionariis

198 3090 288 3151 iustis
311 3102 423 3173 utputa
443 3104 474 3152 et
490 3091 665 3172 legittimis,
683 3091 715 3152 in
736 3105 877 3153 nostram
897 3091 1018 3173 regiam
1036 3091 1214 3172 recepimus
1232 3093 1464 3173 protectionem

198 3213 228 3260 et
251 3197 387 3260 tutelam
412 3198 594 3280 specialem,
617 3198 750 3280 viceque
774 3211 805 3260 et
829 3198 861 3258 in
881 3217 1018 3280 persona
1038 3209 1144 3258 nostre
1167 3198 1340 3260 Maiestatis
1364 3212 1464 3261 vestre

198 3303 436 3366 committentes
467 3303 617 3366 duximus
647 3303 781 3366 tuicioni
816 3317 846 3364 et
878 3303 1086 3386 protectioni,
1110 3303 1211 3365 immo
1241 3304 1412 3386 recipimus
1436 3319 1466 3368 et

198 3410 431 3472 committimus
464 3430 520 3492 per
555 3423 727 3493 presentes,
757 3409 946 3471 mandantes
981 3420 1012 3469 et
1047 3408 1284 3470 committentes
1318 3409 1463 3472 fidelitati

198 3531 300 3578 vestre
332 3515 445 3578 harum
477 3517 557 3579 serie
588 3516 795 3594 strictissime,
819 3528 854 3577 ut
886 3514 1004 3577 amodo
1037 3513 1177 3596 prelatos
1209 3515 1399 3598 capitulares
1430 3517 1462 3577 in

197 3623 350 3706 predictis
381 3623 475 3684 bonis
506 3637 537 3684 et
566 3624 662 3684 rebus
692 3623 834 3703 ipsorum
868 3621 966 3704 justis,
992 3634 1026 3681 ut
1054 3618 1221 3703 prefertur,
1245 3635 1276 3683 et
1300 3622 1464 3703 legittimis

198 3743 309 3791 contra
330 3727 492 3809 quoslibet
516 3727 714 3810 illegittimos
734 3727 931 3810 impetitores
947 3739 978 3788 et
993 3727 1156 3808 signanter
1172 3739 1282 3789 contra
1298 3729 1463 3810 egregium

199 3836 365 3899 Balthasar
396 3835 436 3896 de
467 3835 560 3917 Alap,
592 3835 646 3916 qui
680 3834 801 3896 eisdem
836 3832 1070 3915 exponentibus
1101 3831 1212 3894 dietim
1244 3833 1400 3896 insultans
1431 3835 1463 3896 in

198 3944 319 4006 eisdem
352 3941 445 4002 bonis
473 3941 615 4022 ipsorum
640 3941 726 4002 varia
751 3940 890 4021 dampna
914 3952 945 4000 et
968 3937 1100 3998 iniurias
1124 3937 1239 3999 inferre
1263 3959 1328 4000 non
1353 3955 1463 4019 cessat,

198 4063 377 4133 protegere,
405 4048 485 4109 tueri
523 4067 559 4109 ac
596 4045 762 4108 defensare
796 4059 827 4108 et
862 4043 1079 4126 indempniter
1114 4057 1322 4107 manutenere
1357 4046 1464 4108 modis

198 4157 351 4219 omnibus
375 4153 516 4216 debeatis
540 4168 570 4216 et
594 4155 767 4217 teneamini
786 4153 960 4215 Maiestatis
981 4163 1088 4212 nostre
1106 4150 1138 4211 in
1155 4170 1292 4232 persona
1309 4164 1339 4212 et
1355 4165 1463 4214 aucto-

197 4263 288 4324 ritate
320 4273 428 4322 nostra
459 4261 659 4342 presentibus
690 4261 782 4321 vobis
813 4259 845 4320 in
879 4257 937 4319 hac
968 4269 1056 4340 parte
1086 4255 1227 4337 plenarie
1257 4276 1406 4319 concessa
1433 4271 1463 4321 et

197 4368 322 4451 justicia
346 4366 519 4428 mediante.
545 4367 643 4428 Secus
671 4366 759 4428 nulla
784 4366 906 4427 ratione
931 4362 1053 4425 facturi.
1078 4363 1282 4424 Presentibus
1306 4364 1463 4447 perlectis,

197 4473 360 4538 exhibenti
391 4472 551 4534 restitutis.
576 4472 695 4534 Datum
730 4472 762 4532 in
786 4469 982 4553 Wyssegrad
1012 4467 1090 4530 leria
1115 4482 1225 4550 quarta
1250 4483 1322 4552 post
1346 4470 1462 4534 festum

197 4579 398 4643 invencionis
429 4591 534 4640 sancte
567 4577 689 4640 Crucis.
715 4582 810 4639 Anno
839 4576 963 4638 domini
995 4577 1169 4639 millesimo
1202 4575 1462 4658 quingentesimo

196 4686 403 4748 duodecimo.

304 4823 442 4891 Originale
460 4823 486 4877 in
505 4826 603 4878 charta.
622 4825 649 4876 ln
670 4825 787 4890 margine
806 4824 924 4875 inferiori
944 4825 1101 4890 impressum
1122 4829 1163 4876 est
1181 4824 1306 4889 sigillum.
1322 4823 1349 4874 ln
1364 4823 1461 4875 archiv.

197 4917 261 4981 Cap.
279 4916 336 4967 Act.
351 4913 411 4978 *Cap
442 4918 486 4965 ant
513 4913 577 4967 lasc.
597 4916 620 4964 2.
641 4929 678 4965 nr.
698 4915 740 4966 29.
