3808 5792
428 591 491 652 ²30
841 571 912 630 Doc.
938 567 1007 629 182.
1034 603 1073 614 -
1098 573 1155 630 An.
1182 582 1268 647 1523.

434 676 780 685 ——-.—-—·---——--
891 675 1019 682 ——·-——-·
1208 676 1389 682 ——-—-———-
1406 676 1680 682 ——-—-..

427 797 542 878 fienda,
566 798 656 860 cuius
679 798 786 877 series,
811 811 844 860 ut
867 797 962 860 fuerit
985 797 1168 880 expediens,
1191 797 1232 858 ad
1264 798 1438 860 terminum
1472 799 1552 859 intra
1587 799 1685 880 speci-

428 902 556 965 ficatum
579 917 625 965 est
649 903 850 985 reportanda.

535 1031 671 1098 originale
690 1035 717 1084 in
745 1033 843 1086 charta
864 1037 884 1082 Α
904 1041 982 1098 tergo
1003 1033 1160 1098 impressum
1187 1041 1229 1086 est
1248 1035 1374 1100 sigillum.
1396 1035 1417 1084 E
1436 1020 1533 1084 collect
1561 1033 1619 1084 den.
1638 1029 1686 1083 Ra-

430 1121 517 1172 doslai
536 1119 659 1186 Lopastc'.

1018 1405 1098 1470 182.

534 1571 608 1622 Anno
628 1570 701 1624 1523.
727 1571 850 1638 ts.1·uttl.
871 1571 967 1624 Budas.

433 1696 599 1755 Ludovr'cus
626 1695 665 1755 ΙΙ.
690 1699 791 1771 Hung.
817 1706 865 1757 etc.
887 1717 950 1772 rex,
974 1697 1130 1772 confimat
1154 1697 1341 1771 privilegium
1365 1715 1384 1752 a
1407 1696 1527 1752 Mathia
1558 1713 1624 1768 rege
1653 1695 1689 1751 ci·

430 1802 512 1859 tribus
545 1803 781 1876 aagrabiensibus
814 1804 924 1875 datum,
958 1822 1015 1877 qua
1045 1823 1064 1859 a
1094 1803 1278 1876 vestigalibus
1310 1802 1480 1874 tributisque
1508 1810 1567 1874 pro
1604 1818 1692 1857 merce

893 1909 1036 1967 solvendis
1059 1909 1230 1968 liberantur.

536 2066 603 2127 Nos
628 2065 814 2127 Ludouicus
838 2066 889 2127 dei
913 2067 1018 2146 gracia
1042 2086 1096 2126 rex
1122 2064 1285 2144 Hungarie
1311 2077 1342 2124 et
1366 2059 1521 2124 Bdhemie
1546 2077 1604 2124 etc.
1625 2063 1690 2122 Me·

431 2171 534 2233 morie
558 2171 823 2233 commendamus
846 2161 957 2234 tenore
973 2171 1174 2254 presencium
1198 2168 1413 2252 significantes
1430 2169 1549 2250 quibus
1566 2167 1693 2250 expedit
1726 2207 1728 2210 -

432 2277 598 2339 universis.
623 2275 722 2351 Quod
744 2276 855 2338 fideles
890 2277 990 2339 nostri
1021 2279 1194 2359 prudentes
1224 2289 1259 2343 et¹
1287 2274 1508 2357 circumspecti
1546 2273 1693 2356 Mychael

432 2383 623 2496 Oprasnpch
647 2383 743 2444 iudex
767 2403 803 2445 ac
826 2383 991 2444 Emericus
1015 2383 1172 2445 litteratus
1197 2380 1363 2464 Miltulych
1387 2394 1418 2442 et
1451 2379 1612 2460 Georgius
1644 2379 1694 2441 lit·

430 2500 550 2551 temtus
574 2489 667 2550 iurati
692 2489 777 2550 cives
800 2489 936 2551 civitatis
960 2503 1065 2550 nostre
1091 2487 1372 2569 Montisgrecensis
1404 2486 1469 2548 suia
1501 2506 1537 2547 ac
1568 2485 1693 2547 univer·

431 2613 540 2656 sorum
566 2595 686 2656 civium
710 2607 741 2656 et
766 2596 1006 2657 communitatis
1029 2595 1173 2657 eiusdem
1200 2593 1336 2656 civitatis
1367 2605 1474 2654 nostre
1507 2591 1695 2654 nominibus

432 2700 516 2762 etin
540 2701 685 2782 personis
702 2701 857 2763 Maiestati
883 2715 989 2764 nostre
1015 2702 1178 2763 venientes
1195 2701 1228 2761 in
1251 2699 1460 2782 presenciam,
1483 2696 1697 2759 exhibuerunt

432 2806 526 2867 nobis
550 2807 704 2887 quasdam
728 2807 848 2868 litteras
871 2807 1062 2869 serenissimi
1087 2805 1239 2889 principis
1269 2805 1405 2866 condam
1433 2804 1558 2866 domini
1577 2803 1696 2864 Mathis

431 2913 515 2992 regis
539 2911 715 2992 Hungarie,
739 2913 971 2994 precedessoris
994 2927 1100 2974 nostre
1125 2914 1210 2974 bone
1242 2911 1408 2989 memorie,
1434 2909 1466 2970 in
1499 2928 1697 2992 pergameno

432 3018 490 3078 sub
515 3017 659 3099 dupplici
690 3018 797 3098 sigillo
829 3038 887 3080 suo
921 3018 1162 3100 privilegialiter
1197 3015 1368 3095 coniectas,
1405 3015 1560 3076 habentes
1595 3014 1628 3074 in
1664 3035 1698 3076 se

433 3123 651 3185 confirmative
674 3138 819 3185 tenorem
856 3124 1068 3205 quarumdam
1103 3124 1281 3185 litterarum
1313 3121 1445 3204 capituli
1477 3120 1610 3182 ecclesie
1643 3120 1697 3180 nl-

434 3230 550 3308 bensis,
582 3230 670 3312 paria
703 3230 879 3291 litterarum
915 3231 1106 3291 serenissimi
1138 3230 1274 3291 condam
1309 3229 1385 3290 Bele
1417 3227 1500 3308 regis
1532 3225 1698 3307 Hungarie

433 3349 492 3398 etc.
516 3355 612 3417 super
635 3355 700 3396 non
734 3334 900 3396 solucione
931 3336 1042 3397 tributi
1074 3350 1105 3396 et
1141 3335 1374 3397 tricesimarum
1409 3332 1556 3418 prefatis
1576 3333 1700 3394 civibus

433 3461 655 3503 concessarum
691 3441 941 3520 continentium,
965 3442 1085 3503 tenoris
1117 3440 1319 3522 infrascripti,
1352 3440 1569 3521 supplicantes
1601 3431 1700 3499 Maie-

433 3547 503 3608 stati
529 3560 634 3608 nostre
659 3547 757 3608 iidem
783 3546 929 3628 Mychael
953 3547 1060 3626 iudex,
1094 3547 1258 3608 Emericus
1286 3547 1443 3607 litteratus
1476 3561 1507 3606 et
1540 3543 1701 3625 Georgius

434 3653 592 3713 litteratus
618 3653 711 3713 iurati
736 3653 820 3714 cives
844 3654 876 3714 in
901 3675 957 3715 sua
989 3667 1019 3714 et
1051 3654 1209 3715 dictorum
1244 3653 1362 3714 civium
1394 3672 1430 3713 ac
1462 3650 1701 3713 communitatis

434 3758 575 3840 predicte
607 3758 752 3819 civitatis·
775 3773 880 3820 nostre
917 3759 1199 3840 Montisgrecensis
1232 3759 1429 3837 nominibus,
1464 3771 1498 3818 ut
1528 3757 1702 3838 precriptas

433 3863 554 3925 litteras
576 3863 652 3924 dicti
676 3863 813 3924 condam
839 3864 958 3925 Mathie
983 3866 1066 3946 regis
1101 3878 1132 3926 et
1163 3864 1272 3925 omnia
1298 3864 1329 3924 in
1354 3865 1400 3924 eis
1433 3876 1583 3924 contenta
1609 3874 1702 3938 ratas,

432 3982 537 4050 gratas
560 3983 591 4030 et
614 3983 741 4050 accepta
766 3969 929 4047 habentes,
946 3970 1123 4051 litterisque
1142 3970 1257 4031 nostris
1270 3969 1525 4051 privilegialibus
1541 3969 1581 4030 de
1602 3968 1701 4029 verbo

434 4075 474 4135 ad
510 4075 642 4135 verbum
679 4075 806 4135 inscribi
853 4074 1004 4137 iacientes
1039 4077 1229 4158 approbare,
1264 4076 1399 4156 illasque
1435 4075 1556 4136 eisdem
1593 4073 1703 4155 judici,

435 4182 554 4258 iuratis,
590 4181 766 4261 ceterisque
811 4181 934 4242 civibus
973 4196 1004 4243 et
1037 4183 1096 4243 toti
1133 4182 1356 4243 communitati
1392 4181 1533 4263 predicte
1568 4179 1704 4240 civitatis

435 4299 541 4347 nostre
567 4285 858 4366 Montisgrecensis,
892 4288 1056 4349 modernis
1080 4287 1201 4349 scilicet
1224 4301 1255 4348 et
1279 4286 1394 4348 futuris
1418 4287 1611 4348 innovantes
1635 4307 1704 4367 per·

435 4407 531 4472 petuo
556 4392 707 4452 valituras
730 4390 919 4452 confirmare
955 4393 1171 4473 dignaremur.
1206 4392 1490 4473 Quarumquidem
1521 4392 1701 4454 litterarum

435 4509 526 4556 tenor
549 4497 621 4557 talis
645 4510 708 4557 est:
734 4495 819 4575 (vide
844 4496 908 4558 vol.
935 4495 972 4559 ll.
1001 4499 1078 4558 Doc.
1104 4518 1176 4579 231.
1200 4496 1240 4558 de
1264 4517 1350 4558 anno
1381 4499 1472 4578 1464.
1499 4517 1550 4578 24.
1575 4497 1705 4578 martii.)

437 4601 502 4659 Nos
527 4602 621 4681 igitur
644 4602 937 4682 supplicationibus
970 4603 1129 4664 dictorum
1162 4602 1277 4684 judicis
1312 4616 1344 4665 et
1376 4603 1555 4684 juratorum
1585 4605 1704 4665 civium

436 4719 617 4766 nostrorum
640 4727 696 4788 per
720 4727 781 4792 eos
799 4708 864 4768 suis
896 4727 931 4770 ac
955 4709 1057 4770 tocius
1081 4709 1218 4770 civitatis
1253 4721 1360 4770 nostre
1393 4709 1536 4791 predicte
1572 4711 1705 4771 Montis·

436 4811 593 4885 grecensis
628 4812 814 4872 nominibus
846 4825 951 4873 nostre
990 4814 1146 4875 Maiestati
1182 4815 1348 4896 porrectis,
1385 4816 1471 4896 regia
1508 4816 1705 4896 benignitate

437 4913 592 4974 exauditis
616 4929 645 4975 et
681 4917 854 4978 clementer
884 4917 1041 4997 admissis,
1072 4920 1263 5001 prescriptas
1298 4921 1420 4982 litteras
1455 4921 1532 4983 dicti
1568 4923 1706 4982 condam

438 5015 559 5078 domini
587 5021 704 5080 Mathia
730 5023 811 5102 regis
837 5043 900 5083 non
935 5026 1073 5103 abrasas,
1106 5045 1171 5086 non
1205 5027 1408 5104 cancellatas,
1441 5046 1501 5088 nec
1533 5026 1566 5089 in
1599 5028 1706 5108 aliqua
