<?xml version="1.0" encoding="UTF-8"?>
<!DOCTYPE html PUBLIC "-//W3C//DTD XHTML 1.0 Transitional//EN"
    "http://www.w3.org/TR/xhtml1/DTD/xhtml1-transitional.dtd">
<html xmlns="http://www.w3.org/1999/xhtml" xml:lang="en" lang="en">
 <head>
  <title>
</title>
<meta http-equiv="Content-Type" content="text/html;charset=utf-8" />
  <meta name='ocr-system' content='tesseract 3.04.00' />
  <meta name='ocr-capabilities' content='ocr_page ocr_carea ocr_par ocr_line ocrx_word'/>
</head>
<body>
  <div class='ocr_page' id='page_1' title='image "./monumentahistor16laszgoog_0316.png"; bbox 0 0 3808 5792; ppageno 0'>
   <div class='ocr_carea' id='block_1_1' title="bbox 827 503 1250 582">
    <p class='ocr_par' dir='ltr' id='par_1_1' title="bbox 827 503 1250 582">
     <span class='ocr_line' id='line_1_1' title="bbox 827 503 1250 582; baseline 0.017 -22"><span class='ocrx_word' id='word_1_1' title='bbox 827 503 900 564; x_wconf 86' lang='lat' dir='ltr'><strong>Doc.</strong></span> <span class='ocrx_word' id='word_1_2' title='bbox 926 518 995 581; x_wconf 82' lang='lat'><em>142.</em></span> <span class='ocrx_word' id='word_1_3' title='bbox 1024 539 1059 548; x_wconf 96' lang='lat'>—</span> <span class='ocrx_word' id='word_1_4' title='bbox 1083 506 1140 568; x_wconf 82' lang='lat' dir='ltr'><strong>An.</strong></span> <span class='ocrx_word' id='word_1_5' title='bbox 1164 517 1250 582; x_wconf 86' lang='lat'><em>1517.</em></span> 
     </span>
    </p>
   </div>
   <div class='ocr_carea' id='block_1_2' title="bbox 513 733 1078 956">
    <p class='ocr_par' dir='ltr' id='par_1_2' title="bbox 513 733 1078 956">
     <span class='ocr_line' id='line_1_2' title="bbox 995 733 1078 800; baseline -0.024 -2"><span class='ocrx_word' id='word_1_6' title='bbox 995 733 1078 800; x_wconf 84' lang='lat'>142.</span> 
     </span>
     <span class='ocr_line' id='line_1_3' title="bbox 513 889 954 956; baseline 0.005 -16"><span class='ocrx_word' id='word_1_7' title='bbox 513 889 588 941; x_wconf 77' lang='lat' dir='ltr'><strong>Anno</strong></span> <span class='ocrx_word' id='word_1_8' title='bbox 608 889 685 945; x_wconf 85' lang='lat'>1⁵17.</span> <span class='ocrx_word' id='word_1_9' title='bbox 706 893 746 944; x_wconf 82' lang='lat'><strong>14.</strong></span> <span class='ocrx_word' id='word_1_10' title='bbox 763 891 838 956; x_wconf 82' lang='lat' dir='ltr'><strong>junii.</strong></span> <span class='ocrx_word' id='word_1_11' title='bbox 857 891 954 943; x_wconf 82' lang='lat' dir='ltr'><strong>Bndae.</strong></span> 
     </span>
    </p>
   </div>
   <div class='ocr_carea' id='block_1_3' title="bbox 406 1034 1671 1220">
    <p class='ocr_par' dir='ltr' id='par_1_3' title="bbox 406 1034 1671 1220">
     <span class='ocr_line' id='line_1_4' title="bbox 406 1034 1670 1112; baseline 0.006 -21"><span class='ocrx_word' id='word_1_12' title='bbox 406 1034 573 1095; x_wconf 69' lang='lat' dir='ltr'><strong>rudovicus</strong></span> <span class='ocrx_word' id='word_1_13' title='bbox 595 1037 650 1106; x_wconf 73' lang='lat' dir='ltr'><strong>ll„</strong></span> <span class='ocrx_word' id='word_1_14' title='bbox 675 1037 775 1110; x_wconf 81' lang='lat' dir='ltr'><strong>Hung.</strong></span> <span class='ocrx_word' id='word_1_15' title='bbox 799 1045 850 1096; x_wconf 77' lang='lat' dir='ltr'><strong>etc.</strong></span> <span class='ocrx_word' id='word_1_16' title='bbox 874 1057 929 1096; x_wconf 83' lang='lat' dir='ltr'><strong>rex</strong></span> <span class='ocrx_word' id='word_1_17' title='bbox 951 1037 1078 1095; x_wconf 74' lang='lat' dir='ltr'><strong>omnebus</strong></span> <span class='ocrx_word' id='word_1_18' title='bbox 1100 1037 1248 1112; x_wconf 84' lang='lat' dir='ltr'><strong>nobilibus,</strong></span> <span class='ocrx_word' id='word_1_19' title='bbox 1273 1039 1438 1097; x_wconf 72' lang='lat' dir='ltr'><strong>cabitatibus</strong></span> <span class='ocrx_word' id='word_1_20' title='bbox 1454 1048 1482 1096; x_wconf 85' lang='lat' dir='ltr'><strong>et</strong></span> <span class='ocrx_word' id='word_1_21' title='bbox 1491 1040 1578 1112; x_wconf 77' lang='lat' dir='ltr'><strong>regiis</strong></span> <span class='ocrx_word' id='word_1_22' title='bbox 1600 1042 1670 1099; x_wconf 83' lang='lat' dir='ltr'><strong>telo·</strong></span> 
     </span>
     <span class='ocr_line' id='line_1_5' title="bbox 406 1143 1671 1220; baseline 0.006 -22"><span class='ocrx_word' id='word_1_23' title='bbox 406 1143 512 1200; x_wconf 67' lang='lat' dir='ltr'><strong>usuriis</strong></span> <span class='ocrx_word' id='word_1_24' title='bbox 535 1149 621 1213; x_wconf 81' lang='lat' dir='ltr'><strong>vetat,</strong></span> <span class='ocrx_word' id='word_1_25' title='bbox 635 1162 671 1200; x_wconf 86' lang='lat' dir='ltr'><strong>ne</strong></span> <span class='ocrx_word' id='word_1_26' title='bbox 693 1162 712 1200; x_wconf 85' lang='lat' dir='ltr'><strong>a</strong></span> <span class='ocrx_word' id='word_1_27' title='bbox 728 1145 931 1202; x_wconf 83' lang='lat' dir='ltr'><strong>mercaton&#39;bus</strong></span> <span class='ocrx_word' id='word_1_28' title='bbox 943 1143 1177 1218; x_wconf 79' lang='lat' dir='ltr'><strong>aagvabr&#39;ensibus</strong></span> <span class='ocrx_word' id='word_1_29' title='bbox 1185 1153 1244 1218; x_wconf 79' lang='lat' dir='ltr'><strong>pro</strong></span> <span class='ocrx_word' id='word_1_30' title='bbox 1259 1161 1349 1202; x_wconf 77' lang='lat' dir='ltr'><strong>merce</strong></span> <span class='ocrx_word' id='word_1_31' title='bbox 1356 1145 1524 1220; x_wconf 74' lang='lat' dir='ltr'><strong>portorzitm</strong></span> <span class='ocrx_word' id='word_1_32' title='bbox 1540 1148 1671 1220; x_wconf 70' lang='lat' dir='ltr'><strong>exigant.</strong></span> 
     </span>
    </p>
   </div>
   <div class='ocr_carea' id='block_1_4' title="bbox 398 1281 1672 4213">
    <p class='ocr_par' dir='ltr' id='par_1_4' title="bbox 1052 1281 1563 1349">
     <span class='ocr_line' id='line_1_6' title="bbox 1052 1281 1563 1349; baseline 0 -15"><span class='ocrx_word' id='word_1_33' title='bbox 1052 1281 1213 1334; x_wconf 86' lang='lat' dir='ltr'><strong>Commissio</strong></span> <span class='ocrx_word' id='word_1_34' title='bbox 1232 1285 1343 1348; x_wconf 86' lang='lat' dir='ltr'><strong>propria</strong></span> <span class='ocrx_word' id='word_1_35' title='bbox 1362 1283 1460 1335; x_wconf 89' lang='lat' dir='ltr'><strong>domini</strong></span> <span class='ocrx_word' id='word_1_36' title='bbox 1480 1285 1563 1349; x_wconf 84' lang='lat' dir='ltr'><strong>regis.</strong></span> 
     </span>
    </p>

    <p class='ocr_par' dir='ltr' id='par_1_5' title="bbox 398 1371 1672 4213">
     <span class='ocr_line' id='line_1_7' title="bbox 513 1371 1672 1454; baseline 0.002 -22"><span class='ocrx_word' id='word_1_37' title='bbox 513 1371 699 1433; x_wconf 91' lang='lat' dir='ltr'><strong>Ludouicus</strong></span> <span class='ocrx_word' id='word_1_38' title='bbox 723 1372 773 1433; x_wconf 90' lang='lat' dir='ltr'><strong>dei</strong></span> <span class='ocrx_word' id='word_1_39' title='bbox 797 1373 903 1452; x_wconf 80' lang='lat' dir='ltr'>gracia</span> <span class='ocrx_word' id='word_1_40' title='bbox 927 1392 980 1433; x_wconf 83' lang='lat' dir='ltr'><strong>rex</strong></span> <span class='ocrx_word' id='word_1_41' title='bbox 1005 1373 1171 1454; x_wconf 89' lang='lat' dir='ltr'><strong>Hungarie</strong></span> <span class='ocrx_word' id='word_1_42' title='bbox 1196 1387 1227 1435; x_wconf 90' lang='lat' dir='ltr'><strong>et</strong></span> <span class='ocrx_word' id='word_1_43' title='bbox 1251 1371 1407 1435; x_wconf 91' lang='lat' dir='ltr'><strong>Bohemie</strong></span> <span class='ocrx_word' id='word_1_44' title='bbox 1424 1386 1482 1434; x_wconf 92' lang='lat' dir='ltr'><strong>etc.</strong></span> <span class='ocrx_word' id='word_1_45' title='bbox 1506 1373 1672 1435; x_wconf 90' lang='lat' dir='ltr'><strong>Fidelibus</strong></span> 
     </span>
     <span class='ocr_line' id='line_1_8' title="bbox 406 1477 1671 1560; baseline 0.003 -23"><span class='ocrx_word' id='word_1_46' title='bbox 406 1477 522 1538; x_wconf 89' lang='lat' dir='ltr'><strong>nostris</strong></span> <span class='ocrx_word' id='word_1_47' title='bbox 546 1479 703 1540; x_wconf 90' lang='lat' dir='ltr'><strong>universis</strong></span> <span class='ocrx_word' id='word_1_48' title='bbox 719 1492 750 1540; x_wconf 94' lang='lat' dir='ltr'><strong>et</strong></span> <span class='ocrx_word' id='word_1_49' title='bbox 773 1479 907 1560; x_wconf 89' lang='lat' dir='ltr'><strong>singulis</strong></span> <span class='ocrx_word' id='word_1_50' title='bbox 923 1478 1062 1560; x_wconf 87' lang='lat' dir='ltr'><strong>prelatis,</strong></span> <span class='ocrx_word' id='word_1_51' title='bbox 1080 1479 1264 1558; x_wconf 85' lang='lat' dir='ltr'>baronibus,</span> <span class='ocrx_word' id='word_1_52' title='bbox 1282 1479 1464 1557; x_wconf 82' lang='lat' dir='ltr'>comitibus,</span> <span class='ocrx_word' id='word_1_53' title='bbox 1481 1479 1671 1559; x_wconf 87' lang='lat' dir='ltr'><strong>castellanis,</strong></span> 
     </span>
     <span class='ocr_line' id='line_1_9' title="bbox 405 1583 1671 1667; baseline 0.002 -23"><span class='ocrx_word' id='word_1_54' title='bbox 405 1583 580 1663; x_wconf 92' lang='lat' dir='ltr'><strong>nobilibus,</strong></span> <span class='ocrx_word' id='word_1_55' title='bbox 605 1585 814 1667; x_wconf 87' lang='lat' dir='ltr'><strong>ipsorumque</strong></span> <span class='ocrx_word' id='word_1_56' title='bbox 837 1583 1047 1661; x_wconf 90' lang='lat' dir='ltr'><strong>officialibus;</strong></span> <span class='ocrx_word' id='word_1_57' title='bbox 1071 1585 1147 1646; x_wconf 89' lang='lat' dir='ltr'><strong>item</strong></span> <span class='ocrx_word' id='word_1_58' title='bbox 1165 1585 1357 1663; x_wconf 88' lang='lat' dir='ltr'><strong>civitatibus,</strong></span> <span class='ocrx_word' id='word_1_59' title='bbox 1375 1585 1503 1667; x_wconf 87' lang='lat' dir='ltr'>oppidis</span> <span class='ocrx_word' id='word_1_60' title='bbox 1527 1599 1558 1647; x_wconf 91' lang='lat' dir='ltr'><strong>et</strong></span> <span class='ocrx_word' id='word_1_61' title='bbox 1575 1585 1671 1663; x_wconf 89' lang='lat' dir='ltr'><strong>villis,</strong></span> 
     </span>
     <span class='ocr_line' id='line_1_10' title="bbox 405 1691 1671 1772; baseline 0.001 -20"><span class='ocrx_word' id='word_1_62' title='bbox 405 1709 582 1772; x_wconf 91' lang='lat' dir='ltr'><strong>earumque</strong></span> <span class='ocrx_word' id='word_1_63' title='bbox 606 1691 793 1770; x_wconf 92' lang='lat' dir='ltr'><strong>rectoribus,</strong></span> <span class='ocrx_word' id='word_1_64' title='bbox 816 1691 975 1772; x_wconf 85' lang='lat' dir='ltr'><strong>judicibus</strong></span> <span class='ocrx_word' id='word_1_65' title='bbox 998 1692 1119 1753; x_wconf 87' lang='lat' dir='ltr'><strong>scilicet</strong></span> <span class='ocrx_word' id='word_1_66' title='bbox 1143 1705 1174 1752; x_wconf 89' lang='lat' dir='ltr'><strong>et</strong></span> <span class='ocrx_word' id='word_1_67' title='bbox 1197 1691 1322 1770; x_wconf 84' lang='lat' dir='ltr'><strong>villicis,</strong></span> <span class='ocrx_word' id='word_1_68' title='bbox 1347 1711 1473 1752; x_wconf 87' lang='lat' dir='ltr'>necnon</span> <span class='ocrx_word' id='word_1_69' title='bbox 1497 1692 1671 1753; x_wconf 88' lang='lat' dir='ltr'><strong>tributariis</strong></span> 
     </span>
     <span class='ocr_line' id='line_1_11' title="bbox 405 1797 1670 1879; baseline 0.002 -21"><span class='ocrx_word' id='word_1_70' title='bbox 405 1811 436 1859; x_wconf 89' lang='lat' dir='ltr'><strong>et</strong></span> <span class='ocrx_word' id='word_1_71' title='bbox 470 1797 745 1860; x_wconf 89' lang='lat' dir='ltr'><strong>theloneatoribus</strong></span> <span class='ocrx_word' id='word_1_72' title='bbox 781 1811 941 1879; x_wconf 79' lang='lat' dir='ltr'>presentes</span> <span class='ocrx_word' id='word_1_73' title='bbox 975 1811 1099 1860; x_wconf 91' lang='lat' dir='ltr'><strong>nostras</strong></span> <span class='ocrx_word' id='word_1_74' title='bbox 1134 1797 1249 1859; x_wconf 91' lang='lat' dir='ltr'><strong>visuris</strong></span> <span class='ocrx_word' id='word_1_75' title='bbox 1283 1797 1419 1859; x_wconf 91' lang='lat' dir='ltr'><strong>salutern</strong></span> <span class='ocrx_word' id='word_1_76' title='bbox 1454 1811 1485 1859; x_wconf 94' lang='lat' dir='ltr'><strong>et</strong></span> <span class='ocrx_word' id='word_1_77' title='bbox 1518 1798 1670 1879; x_wconf 79' lang='lat' dir='ltr'><strong>graciam.</strong></span> 
     </span>
     <span class='ocr_line' id='line_1_12' title="bbox 405 1903 1670 1986; baseline 0.002 -22"><span class='ocrx_word' id='word_1_78' title='bbox 405 1903 516 1977; x_wconf 90' lang='lat' dir='ltr'><strong>Quum</strong></span> <span class='ocrx_word' id='word_1_79' title='bbox 541 1903 613 1964; x_wconf 90' lang='lat' dir='ltr'><strong>iusti</strong></span> <span class='ocrx_word' id='word_1_80' title='bbox 638 1923 697 1985; x_wconf 92' lang='lat' dir='ltr'><strong>pro</strong></span> <span class='ocrx_word' id='word_1_81' title='bbox 721 1904 846 1965; x_wconf 90' lang='lat' dir='ltr'><strong>iniustis</strong></span> <span class='ocrx_word' id='word_1_82' title='bbox 869 1917 901 1965; x_wconf 91' lang='lat' dir='ltr'><strong>et</strong></span> <span class='ocrx_word' id='word_1_83' title='bbox 923 1905 1046 1966; x_wconf 81' lang='lat' dir='ltr'><strong>innoxii</strong></span> <span class='ocrx_word' id='word_1_84' title='bbox 1069 1924 1128 1986; x_wconf 93' lang='lat' dir='ltr'><strong>pro</strong></span> <span class='ocrx_word' id='word_1_85' title='bbox 1159 1923 1289 1966; x_wconf 91' lang='lat' dir='ltr'><strong>reorum</strong></span> <span class='ocrx_word' id='word_1_86' title='bbox 1321 1903 1502 1966; x_wconf 84' lang='lat' dir='ltr'><strong>excessibus</strong></span> <span class='ocrx_word' id='word_1_87' title='bbox 1524 1923 1592 1967; x_wconf 92' lang='lat' dir='ltr'><strong>non</strong></span> <span class='ocrx_word' id='word_1_88' title='bbox 1615 1904 1670 1966; x_wconf 88' lang='lat' dir='ltr'><strong>de·</strong></span> 
     </span>
     <span class='ocr_line' id='line_1_13' title="bbox 404 2009 1670 2093; baseline 0 -22"><span class='ocrx_word' id='word_1_89' title='bbox 404 2011 500 2072; x_wconf 80' lang='lat' dir='ltr'>beant</span> <span class='ocrx_word' id='word_1_90' title='bbox 523 2009 726 2091; x_wconf 89' lang='lat' dir='ltr'><strong>aliquatenus</strong></span> <span class='ocrx_word' id='word_1_91' title='bbox 750 2009 910 2093; x_wconf 91' lang='lat' dir='ltr'><strong>impediri,</strong></span> <span class='ocrx_word' id='word_1_92' title='bbox 926 2009 1071 2072; x_wconf 88' lang='lat' dir='ltr'><strong>fidelitati</strong></span> <span class='ocrx_word' id='word_1_93' title='bbox 1098 2011 1195 2091; x_wconf 89' lang='lat' dir='ltr'><strong>igitur</strong></span> <span class='ocrx_word' id='word_1_94' title='bbox 1210 2022 1313 2072; x_wconf 89' lang='lat' dir='ltr'>vestre</span> <span class='ocrx_word' id='word_1_95' title='bbox 1329 2010 1442 2072; x_wconf 91' lang='lat' dir='ltr'><strong>harum</strong></span> <span class='ocrx_word' id='word_1_96' title='bbox 1459 2009 1540 2071; x_wconf 87' lang='lat' dir='ltr'><strong>serie</strong></span> <span class='ocrx_word' id='word_1_97' title='bbox 1556 2009 1670 2072; x_wconf 88' lang='lat' dir='ltr'><strong>firmis·</strong></span> 
     </span>
     <span class='ocr_line' id='line_1_14' title="bbox 403 2115 1670 2199; baseline 0.002 -23"><span class='ocrx_word' id='word_1_98' title='bbox 403 2116 483 2176; x_wconf 91' lang='lat' dir='ltr'><strong>sime</strong></span> <span class='ocrx_word' id='word_1_99' title='bbox 507 2115 739 2178; x_wconf 81' lang='lat' dir='ltr'><strong>committimus</strong></span> <span class='ocrx_word' id='word_1_100' title='bbox 762 2128 793 2176; x_wconf 90' lang='lat' dir='ltr'><strong>et</strong></span> <span class='ocrx_word' id='word_1_101' title='bbox 816 2116 1017 2195; x_wconf 90' lang='lat' dir='ltr'><strong>mandamus,</strong></span> <span class='ocrx_word' id='word_1_102' title='bbox 1042 2117 1194 2197; x_wconf 84' lang='lat' dir='ltr'>quatinus</span> <span class='ocrx_word' id='word_1_103' title='bbox 1217 2116 1294 2177; x_wconf 89' lang='lat' dir='ltr'><strong>dum</strong></span> <span class='ocrx_word' id='word_1_104' title='bbox 1318 2129 1350 2177; x_wconf 88' lang='lat' dir='ltr'><strong>et</strong></span> <span class='ocrx_word' id='word_1_105' title='bbox 1374 2115 1505 2198; x_wconf 89' lang='lat' dir='ltr'><strong>quando</strong></span> <span class='ocrx_word' id='word_1_106' title='bbox 1533 2136 1569 2178; x_wconf 89' lang='lat' dir='ltr'><strong>ac</strong></span> <span class='ocrx_word' id='word_1_107' title='bbox 1589 2136 1670 2199; x_wconf 92' lang='lat' dir='ltr'><strong>quo·</strong></span> 
     </span>
     <span class='ocr_line' id='line_1_15' title="bbox 403 2221 1669 2305; baseline 0.001 -22"><span class='ocrx_word' id='word_1_108' title='bbox 403 2222 619 2303; x_wconf 90' lang='lat' dir='ltr'><strong>cienscunque</strong></span> <span class='ocrx_word' id='word_1_109' title='bbox 652 2221 762 2284; x_wconf 87' lang='lat' dir='ltr'><strong>fideles</strong></span> <span class='ocrx_word' id='word_1_110' title='bbox 785 2222 896 2300; x_wconf 88' lang='lat' dir='ltr'>nostri,</span> <span class='ocrx_word' id='word_1_111' title='bbox 919 2222 1139 2305; x_wconf 88' lang='lat' dir='ltr'><strong>circumspecti</strong></span> <span class='ocrx_word' id='word_1_112' title='bbox 1164 2221 1261 2303; x_wconf 84' lang='lat' dir='ltr'><strong>judex</strong></span> <span class='ocrx_word' id='word_1_113' title='bbox 1284 2235 1315 2283; x_wconf 91' lang='lat' dir='ltr'><strong>et</strong></span> <span class='ocrx_word' id='word_1_114' title='bbox 1346 2221 1440 2303; x_wconf 87' lang='lat' dir='ltr'><strong>jurati</strong></span> <span class='ocrx_word' id='word_1_115' title='bbox 1472 2223 1559 2284; x_wconf 86' lang='lat' dir='ltr'><strong>cives</strong></span> <span class='ocrx_word' id='word_1_116' title='bbox 1594 2223 1669 2284; x_wconf 89' lang='lat' dir='ltr'><strong>civi-</strong></span> 
     </span>
     <span class='ocr_line' id='line_1_16' title="bbox 402 2327 1668 2410; baseline 0.001 -21"><span class='ocrx_word' id='word_1_117' title='bbox 402 2327 475 2390; x_wconf 80' lang='lat' dir='ltr'><strong>tatis</strong></span> <span class='ocrx_word' id='word_1_118' title='bbox 520 2343 628 2390; x_wconf 88' lang='lat' dir='ltr'><strong>nostre</strong></span> <span class='ocrx_word' id='word_1_119' title='bbox 676 2328 967 2409; x_wconf 85' lang='lat' dir='ltr'><strong>Montisgrecensis,¹</strong></span> <span class='ocrx_word' id='word_1_120' title='bbox 992 2341 1047 2389; x_wconf 92' lang='lat' dir='ltr'><strong>aut</strong></span> <span class='ocrx_word' id='word_1_121' title='bbox 1082 2327 1230 2389; x_wconf 89' lang='lat' dir='ltr'><strong>homines</strong></span> <span class='ocrx_word' id='word_1_122' title='bbox 1253 2341 1284 2390; x_wconf 91' lang='lat' dir='ltr'><strong>et</strong></span> <span class='ocrx_word' id='word_1_123' title='bbox 1317 2327 1492 2390; x_wconf 87' lang='lat' dir='ltr'><strong>familiares</strong></span> <span class='ocrx_word' id='word_1_124' title='bbox 1524 2329 1668 2410; x_wconf 91' lang='lat' dir='ltr'><strong>ipsorum</strong></span> 
     </span>
     <span class='ocr_line' id='line_1_17' title="bbox 402 2434 1669 2517; baseline -0.002 -21"><span class='ocrx_word' id='word_1_125' title='bbox 402 2454 460 2516; x_wconf 96' lang='lat' dir='ltr'><strong>pro</strong></span> <span class='ocrx_word' id='word_1_126' title='bbox 484 2435 627 2497; x_wconf 82' lang='lat' dir='ltr'><strong>victuum</strong></span> <span class='ocrx_word' id='word_1_127' title='bbox 652 2455 785 2497; x_wconf 89' lang='lat' dir='ltr'><strong>suorum</strong></span> <span class='ocrx_word' id='word_1_128' title='bbox 809 2435 986 2496; x_wconf 89' lang='lat' dir='ltr'><strong>necessaria</strong></span> <span class='ocrx_word' id='word_1_129' title='bbox 1017 2435 1235 2515; x_wconf 87' lang='lat' dir='ltr'><strong>acquisicione</strong></span> <span class='ocrx_word' id='word_1_130' title='bbox 1268 2434 1409 2498; x_wconf 88' lang='lat' dir='ltr'><strong>diversas</strong></span> <span class='ocrx_word' id='word_1_131' title='bbox 1440 2447 1547 2516; x_wconf 89' lang='lat' dir='ltr'><strong>partes</strong></span> <span class='ocrx_word' id='word_1_132' title='bbox 1578 2434 1669 2517; x_wconf 90' lang='lat' dir='ltr'><strong>regni</strong></span> 
     </span>
     <span class='ocr_line' id='line_1_18' title="bbox 402 2539 1669 2623; baseline 0.001 -22"><span class='ocrx_word' id='word_1_133' title='bbox 402 2542 501 2602; x_wconf 93' lang='lat' dir='ltr'><strong>nostri</strong></span> <span class='ocrx_word' id='word_1_134' title='bbox 525 2541 744 2623; x_wconf 90' lang='lat' dir='ltr'><strong>perlustraturi</strong></span> <span class='ocrx_word' id='word_1_135' title='bbox 762 2561 834 2604; x_wconf 91' lang='lat' dir='ltr'><strong>cum</strong></span> <span class='ocrx_word' id='word_1_136' title='bbox 852 2542 946 2602; x_wconf 91' lang='lat' dir='ltr'><strong>rebus</strong></span> <span class='ocrx_word' id='word_1_137' title='bbox 970 2551 1000 2601; x_wconf 90' lang='lat' dir='ltr'><strong>et</strong></span> <span class='ocrx_word' id='word_1_138' title='bbox 1019 2541 1180 2602; x_wconf 89' lang='lat' dir='ltr'><strong>mercibus</strong></span> <span class='ocrx_word' id='word_1_139' title='bbox 1203 2541 1346 2623; x_wconf 92' lang='lat' dir='ltr'><strong>ipsorum</strong></span> <span class='ocrx_word' id='word_1_140' title='bbox 1364 2539 1403 2600; x_wconf 88' lang='lat' dir='ltr'><strong>ad</strong></span> <span class='ocrx_word' id='word_1_141' title='bbox 1421 2553 1542 2602; x_wconf 89' lang='lat' dir='ltr'><strong>vestras</strong></span> <span class='ocrx_word' id='word_1_142' title='bbox 1561 2555 1669 2618; x_wconf 90' lang='lat' dir='ltr'><strong>terras,</strong></span> 
     </span>
     <span class='ocr_line' id='line_1_19' title="bbox 401 2646 1668 2730; baseline 0.001 -23"><span class='ocrx_word' id='word_1_143' title='bbox 401 2659 521 2726; x_wconf 92' lang='lat' dir='ltr'><strong>tenuta,</strong></span> <span class='ocrx_word' id='word_1_144' title='bbox 545 2649 772 2730; x_wconf 89' lang='lat' dir='ltr'><strong>possessiones,</strong></span> <span class='ocrx_word' id='word_1_145' title='bbox 796 2648 946 2727; x_wconf 90' lang='lat' dir='ltr'><strong>honores,</strong></span> <span class='ocrx_word' id='word_1_146' title='bbox 970 2646 1163 2709; x_wconf 90' lang='lat' dir='ltr'><strong>officiolatus</strong></span> <span class='ocrx_word' id='word_1_147' title='bbox 1192 2667 1227 2708; x_wconf 91' lang='lat' dir='ltr'><strong>ac</strong></span> <span class='ocrx_word' id='word_1_148' title='bbox 1251 2647 1346 2708; x_wconf 92' lang='lat' dir='ltr'><strong>vestri</strong></span> <span class='ocrx_word' id='word_1_149' title='bbox 1371 2647 1403 2708; x_wconf 93' lang='lat' dir='ltr'><strong>in</strong></span> <span class='ocrx_word' id='word_1_150' title='bbox 1428 2647 1574 2708; x_wconf 91' lang='lat' dir='ltr'><strong>medium</strong></span> <span class='ocrx_word' id='word_1_151' title='bbox 1599 2667 1668 2729; x_wconf 91' lang='lat' dir='ltr'><strong>per·</strong></span> 
     </span>
     <span class='ocr_line' id='line_1_20' title="bbox 401 2752 1669 2837; baseline 0.001 -23"><span class='ocrx_word' id='word_1_152' title='bbox 401 2755 557 2834; x_wconf 89' lang='lat' dir='ltr'><strong>venerint,</strong></span> <span class='ocrx_word' id='word_1_153' title='bbox 581 2768 695 2816; x_wconf 83' lang='lat' dir='ltr'><strong>extunc</strong></span> <span class='ocrx_word' id='word_1_154' title='bbox 720 2755 817 2837; x_wconf 89' lang='lat' dir='ltr'><strong>ipsos,</strong></span> <span class='ocrx_word' id='word_1_155' title='bbox 840 2755 1052 2835; x_wconf 87' lang='lat' dir='ltr'><strong>hominesque</strong></span> <span class='ocrx_word' id='word_1_156' title='bbox 1085 2766 1116 2815; x_wconf 94' lang='lat' dir='ltr'><strong>et</strong></span> <span class='ocrx_word' id='word_1_157' title='bbox 1139 2752 1312 2815; x_wconf 80' lang='lat' dir='ltr'><strong>familiares</strong></span> <span class='ocrx_word' id='word_1_158' title='bbox 1336 2753 1480 2834; x_wconf 91' lang='lat' dir='ltr'><strong>ipsorum</strong></span> <span class='ocrx_word' id='word_1_159' title='bbox 1511 2766 1669 2835; x_wconf 87' lang='lat' dir='ltr'><strong>pretactos</strong></span> 
     </span>
     <span class='ocr_line' id='line_1_21' title="bbox 401 2859 1667 2942; baseline -0.002 -20"><span class='ocrx_word' id='word_1_160' title='bbox 401 2861 441 2922; x_wconf 89' lang='lat' dir='ltr'><strong>ad</strong></span> <span class='ocrx_word' id='word_1_161' title='bbox 466 2861 654 2942; x_wconf 87' lang='lat' dir='ltr'><strong>quorumvis</strong></span> <span class='ocrx_word' id='word_1_162' title='bbox 677 2861 866 2922; x_wconf 81' lang='lat' dir='ltr'><strong>instanciam</strong></span> <span class='ocrx_word' id='word_1_163' title='bbox 890 2861 923 2922; x_wconf 96' lang='lat' dir='ltr'><strong>in</strong></span> <span class='ocrx_word' id='word_1_164' title='bbox 947 2860 1092 2942; x_wconf 92' lang='lat' dir='ltr'><strong>personis</strong></span> <span class='ocrx_word' id='word_1_165' title='bbox 1116 2859 1256 2941; x_wconf 80' lang='lat' dir='ltr'><strong>judicare</strong></span> <span class='ocrx_word' id='word_1_166' title='bbox 1281 2859 1332 2919; x_wconf 95' lang='lat' dir='ltr'><strong>vel</strong></span> <span class='ocrx_word' id='word_1_167' title='bbox 1357 2871 1461 2920; x_wconf 90' lang='lat' dir='ltr'><strong>vestro</strong></span> <span class='ocrx_word' id='word_1_168' title='bbox 1495 2872 1598 2920; x_wconf 88' lang='lat' dir='ltr'><strong>astare</strong></span> <span class='ocrx_word' id='word_1_169' title='bbox 1622 2859 1667 2939; x_wconf 87' lang='lat' dir='ltr'><strong>ju-</strong></span> 
     </span>
     <span class='ocr_line' id='line_1_22' title="bbox 402 2965 1667 3050; baseline -0.003 -21"><span class='ocrx_word' id='word_1_170' title='bbox 402 2967 519 3029; x_wconf 91' lang='lat' dir='ltr'><strong>dicatui</strong></span> <span class='ocrx_word' id='word_1_171' title='bbox 542 2968 746 3050; x_wconf 85' lang='lat' dir='ltr'><strong>compellere,</strong></span> <span class='ocrx_word' id='word_1_172' title='bbox 771 2979 825 3028; x_wconf 88' lang='lat' dir='ltr'><strong>aut</strong></span> <span class='ocrx_word' id='word_1_173' title='bbox 849 2987 899 3028; x_wconf 89' lang='lat' dir='ltr'><strong>res</strong></span> <span class='ocrx_word' id='word_1_174' title='bbox 923 2979 954 3027; x_wconf 92' lang='lat' dir='ltr'><strong>et</strong></span> <span class='ocrx_word' id='word_1_175' title='bbox 985 2967 1096 3047; x_wconf 88' lang='lat' dir='ltr'><strong>quevis</strong></span> <span class='ocrx_word' id='word_1_176' title='bbox 1121 2967 1205 3026; x_wconf 91' lang='lat' dir='ltr'><strong>bona</strong></span> <span class='ocrx_word' id='word_1_177' title='bbox 1236 2965 1380 3046; x_wconf 89' lang='lat' dir='ltr'><strong>ipsorum</strong></span> <span class='ocrx_word' id='word_1_178' title='bbox 1412 2965 1667 3026; x_wconf 87' lang='lat' dir='ltr'><strong>mercimonialia</strong></span> 
     </span>
     <span class='ocr_line' id='line_1_23' title="bbox 401 3070 1666 3157; baseline -0.005 -20"><span class='ocrx_word' id='word_1_179' title='bbox 401 3089 552 3138; x_wconf 90' lang='lat' dir='ltr'><strong>arrestare</strong></span> <span class='ocrx_word' id='word_1_180' title='bbox 576 3095 632 3137; x_wconf 89' lang='lat' dir='ltr'><strong>seu</strong></span> <span class='ocrx_word' id='word_1_181' title='bbox 656 3074 818 3157; x_wconf 85' lang='lat' dir='ltr'><strong>prohiberi</strong></span> <span class='ocrx_word' id='word_1_182' title='bbox 843 3072 946 3134; x_wconf 88' lang='lat' dir='ltr'><strong>facere</strong></span> <span class='ocrx_word' id='word_1_183' title='bbox 970 3091 1176 3153; x_wconf 88' lang='lat' dir='ltr'><strong>nequaquam</strong></span> <span class='ocrx_word' id='word_1_184' title='bbox 1193 3070 1418 3152; x_wconf 87' lang='lat' dir='ltr'><strong>presummatis</strong></span> <span class='ocrx_word' id='word_1_185' title='bbox 1437 3073 1496 3132; x_wconf 88' lang='lat' dir='ltr'><strong>ne&#39;c</strong></span> <span class='ocrx_word' id='word_1_186' title='bbox 1515 3072 1584 3132; x_wconf 90' lang='lat' dir='ltr'><strong>sitis</strong></span> <span class='ocrx_word' id='word_1_187' title='bbox 1600 3071 1666 3132; x_wconf 89' lang='lat' dir='ltr'><strong>ausi</strong></span> 
     </span>
     <span class='ocr_line' id='line_1_24' title="bbox 400 3177 1666 3261; baseline -0.003 -19"><span class='ocrx_word' id='word_1_188' title='bbox 400 3181 499 3242; x_wconf 90' lang='lat' dir='ltr'><strong>modo</strong></span> <span class='ocrx_word' id='word_1_189' title='bbox 523 3180 667 3261; x_wconf 85' lang='lat' dir='ltr'><strong>aliquali,</strong></span> <span class='ocrx_word' id='word_1_190' title='bbox 690 3180 853 3260; x_wconf 79' lang='lat' dir='ltr'><strong>signanter</strong></span> <span class='ocrx_word' id='word_1_191' title='bbox 876 3198 934 3260; x_wconf 93' lang='lat' dir='ltr'><strong>pro</strong></span> <span class='ocrx_word' id='word_1_192' title='bbox 958 3178 1074 3239; x_wconf 91' lang='lat' dir='ltr'><strong>debitis</strong></span> <span class='ocrx_word' id='word_1_193' title='bbox 1096 3198 1152 3239; x_wconf 92' lang='lat' dir='ltr'><strong>seu</strong></span> <span class='ocrx_word' id='word_1_194' title='bbox 1176 3177 1358 3238; x_wconf 86' lang='lat' dir='ltr'><strong>excessibus</strong></span> <span class='ocrx_word' id='word_1_195' title='bbox 1381 3177 1532 3238; x_wconf 89' lang='lat' dir='ltr'><strong>aliorum.</strong></span> <span class='ocrx_word' id='word_1_196' title='bbox 1559 3177 1594 3238; x_wconf 91' lang='lat' dir='ltr'><strong>Si</strong></span> <span class='ocrx_word' id='word_1_197' title='bbox 1613 3177 1666 3258; x_wconf 93' lang='lat' dir='ltr'><strong>qui</strong></span> 
     </span>
     <span class='ocr_line' id='line_1_25' title="bbox 400 3283 1662 3368; baseline -0.003 -22"><span class='ocrx_word' id='word_1_198' title='bbox 400 3287 486 3347; x_wconf 90' lang='lat' dir='ltr'><strong>enim</strong></span> <span class='ocrx_word' id='word_1_199' title='bbox 511 3287 679 3368; x_wconf 89' lang='lat' dir='ltr'><strong>quitquam</strong></span> <span class='ocrx_word' id='word_1_200' title='bbox 696 3285 830 3346; x_wconf 89' lang='lat' dir='ltr'><strong>actionis</strong></span> <span class='ocrx_word' id='word_1_201' title='bbox 854 3285 904 3345; x_wconf 90' lang='lat' dir='ltr'><strong>vel</strong></span> <span class='ocrx_word' id='word_1_202' title='bbox 921 3284 1098 3365; x_wconf 90' lang='lat' dir='ltr'><strong>questionis</strong></span> <span class='ocrx_word' id='word_1_203' title='bbox 1115 3297 1224 3345; x_wconf 88' lang='lat' dir='ltr'><strong>contra</strong></span> <span class='ocrx_word' id='word_1_204' title='bbox 1241 3295 1410 3344; x_wconf 87' lang='lat' dir='ltr'><strong>annotatos</strong></span> <span class='ocrx_word' id='word_1_205' title='bbox 1435 3283 1520 3343; x_wconf 89' lang='lat' dir='ltr'><strong>cives</strong></span> <span class='ocrx_word' id='word_1_206' title='bbox 1536 3297 1662 3343; x_wconf 86' lang='lat' dir='ltr'><strong>nostros</strong></span> 
     </span>
     <span class='ocr_line' id='line_1_26' title="bbox 400 3384 1668 3473; baseline -0.005 -20"><span class='ocrx_word' id='word_1_207' title='bbox 400 3391 535 3453; x_wconf 89' lang='lat' dir='ltr'><strong>civitatis</strong></span> <span class='ocrx_word' id='word_1_208' title='bbox 558 3404 664 3453; x_wconf 90' lang='lat' dir='ltr'><strong>nostre</strong></span> <span class='ocrx_word' id='word_1_209' title='bbox 688 3390 809 3473; x_wconf 90' lang='lat' dir='ltr'><strong>prefate</strong></span> <span class='ocrx_word' id='word_1_210' title='bbox 839 3389 1118 3471; x_wconf 89' lang='lat' dir='ltr'><strong>Montisgrecensis</strong></span> <span class='ocrx_word' id='word_1_211' title='bbox 1151 3389 1200 3450; x_wconf 93' lang='lat' dir='ltr'><strong>vel</strong></span> <span class='ocrx_word' id='word_1_212' title='bbox 1233 3407 1346 3450; x_wconf 89' lang='lat' dir='ltr'><strong>eorum</strong></span> <span class='ocrx_word' id='word_1_213' title='bbox 1379 3384 1515 3448; x_wconf 85' lang='lat' dir='ltr'><strong>alterum</strong></span> <span class='ocrx_word' id='word_1_214' title='bbox 1550 3387 1668 3449; x_wconf 90' lang='lat' dir='ltr'><strong>habent</strong></span> 
     </span>
     <span class='ocr_line' id='line_1_27' title="bbox 400 3494 1667 3582; baseline -0.004 -23"><span class='ocrx_word' id='word_1_215' title='bbox 400 3499 451 3559; x_wconf 94' lang='lat' dir='ltr'><strong>vel</strong></span> <span class='ocrx_word' id='word_1_216' title='bbox 474 3497 654 3575; x_wconf 88' lang='lat' dir='ltr'><strong>habuerint,</strong></span> <span class='ocrx_word' id='word_1_217' title='bbox 678 3496 722 3558; x_wconf 92' lang='lat' dir='ltr'><strong>hii</strong></span> <span class='ocrx_word' id='word_1_218' title='bbox 744 3497 776 3557; x_wconf 92' lang='lat' dir='ltr'><strong>id</strong></span> <span class='ocrx_word' id='word_1_219' title='bbox 802 3497 834 3557; x_wconf 92' lang='lat' dir='ltr'><strong>in</strong></span> <span class='ocrx_word' id='word_1_220' title='bbox 858 3497 1021 3578; x_wconf 89' lang='lat' dir='ltr'><strong>presencia</strong></span> <span class='ocrx_word' id='word_1_221' title='bbox 1045 3495 1158 3576; x_wconf 81' lang='lat' dir='ltr'><strong>judicis</strong></span> <span class='ocrx_word' id='word_1_222' title='bbox 1183 3507 1214 3557; x_wconf 91' lang='lat' dir='ltr'><strong>et</strong></span> <span class='ocrx_word' id='word_1_223' title='bbox 1237 3494 1413 3582; x_wconf 82' lang='lat' dir='ltr'><strong>juratqrum</strong></span> <span class='ocrx_word' id='word_1_224' title='bbox 1439 3494 1560 3555; x_wconf 88' lang='lat' dir='ltr'><strong>civium</strong></span> <span class='ocrx_word' id='word_1_225' title='bbox 1586 3494 1667 3554; x_wconf 92' lang='lat' dir='ltr'><strong>eius-</strong></span> 
     </span>
     <span class='ocr_line' id='line_1_28' title="bbox 400 3599 1665 3683; baseline -0.004 -19"><span class='ocrx_word' id='word_1_226' title='bbox 400 3603 473 3664; x_wconf 92' lang='lat' dir='ltr'><strong>dem</strong></span> <span class='ocrx_word' id='word_1_227' title='bbox 498 3603 632 3664; x_wconf 89' lang='lat' dir='ltr'><strong>civitatis</strong></span> <span class='ocrx_word' id='word_1_228' title='bbox 656 3617 763 3663; x_wconf 89' lang='lat' dir='ltr'><strong>nostre</strong></span> <span class='ocrx_word' id='word_1_229' title='bbox 787 3602 942 3683; x_wconf 85' lang='lat' dir='ltr'><strong>legittime</strong></span> <span class='ocrx_word' id='word_1_230' title='bbox 965 3614 1212 3682; x_wconf 91' lang='lat' dir='ltr'><strong>prosequantur,</strong></span> <span class='ocrx_word' id='word_1_231' title='bbox 1237 3621 1274 3662; x_wconf 84' lang='lat' dir='ltr'><strong>ex</strong></span> <span class='ocrx_word' id='word_1_232' title='bbox 1308 3614 1397 3682; x_wconf 91' lang='lat' dir='ltr'><strong>parte</strong></span> <span class='ocrx_word' id='word_1_233' title='bbox 1431 3619 1574 3682; x_wconf 90' lang='lat' dir='ltr'><strong>quorum</strong></span> <span class='ocrx_word' id='word_1_234' title='bbox 1608 3599 1665 3681; x_wconf 90' lang='lat' dir='ltr'><strong>ipsi</strong></span> 
     </span>
     <span class='ocr_line' id='line_1_29' title="bbox 399 3705 1666 3789; baseline -0.003 -19"><span class='ocrx_word' id='word_1_235' title='bbox 399 3723 509 3772; x_wconf 92' lang='lat' dir='ltr'><strong>contra</strong></span> <span class='ocrx_word' id='word_1_236' title='bbox 534 3730 589 3770; x_wconf 88' lang='lat' dir='ltr'><strong>eos</strong></span> <span class='ocrx_word' id='word_1_237' title='bbox 612 3723 667 3771; x_wconf 91' lang='lat' dir='ltr'><strong>aut</strong></span> <span class='ocrx_word' id='word_1_238' title='bbox 690 3728 801 3770; x_wconf 90' lang='lat' dir='ltr'><strong>eorum</strong></span> <span class='ocrx_word' id='word_1_239' title='bbox 826 3708 962 3769; x_wconf 89' lang='lat' dir='ltr'><strong>alterum</strong></span> <span class='ocrx_word' id='word_1_240' title='bbox 987 3708 1169 3789; x_wconf 91' lang='lat' dir='ltr'><strong>querulanti</strong></span> <span class='ocrx_word' id='word_1_241' title='bbox 1202 3708 1283 3768; x_wconf 89' lang='lat' dir='ltr'><strong>meri</strong></span> <span class='ocrx_word' id='word_1_242' title='bbox 1308 3706 1385 3788; x_wconf 83' lang='lat' dir='ltr'><strong>juris</strong></span> <span class='ocrx_word' id='word_1_243' title='bbox 1409 3721 1440 3768; x_wconf 90' lang='lat' dir='ltr'><strong>et</strong></span> <span class='ocrx_word' id='word_1_244' title='bbox 1473 3705 1600 3786; x_wconf 89' lang='lat' dir='ltr'><strong>justicie</strong></span> <span class='ocrx_word' id='word_1_245' title='bbox 1632 3725 1666 3766; x_wconf 88' lang='lat' dir='ltr'><strong>ac</strong></span> 
     </span>
     <span class='ocr_line' id='line_1_30' title="bbox 399 3811 1665 3896; baseline -0.003 -21"><span class='ocrx_word' id='word_1_246' title='bbox 399 3815 505 3878; x_wconf 91' lang='lat' dir='ltr'><strong>debite</strong></span> <span class='ocrx_word' id='word_1_247' title='bbox 529 3813 752 3876; x_wconf 88' lang='lat' dir='ltr'><strong>satisfactionis</strong></span> <span class='ocrx_word' id='word_1_248' title='bbox 776 3815 1049 3896; x_wconf 88' lang='lat' dir='ltr'><strong>complementum</strong></span> <span class='ocrx_word' id='word_1_249' title='bbox 1078 3813 1275 3875; x_wconf 86' lang='lat' dir='ltr'><strong>exhibebunt</strong></span> <span class='ocrx_word' id='word_1_250' title='bbox 1287 3823 1387 3894; x_wconf 80' lang='lat' dir='ltr'><strong>&#39;prout</strong></span> <span class='ocrx_word' id='word_1_251' title='bbox 1402 3811 1571 3872; x_wconf 86' lang='lat' dir='ltr'><strong>dictaverit</strong></span> <span class='ocrx_word' id='word_1_252' title='bbox 1588 3811 1665 3872; x_wconf 94' lang='lat' dir='ltr'><strong>ordo</strong></span> 
     </span>
     <span class='ocr_line' id='line_1_31' title="bbox 399 3917 1664 4008; baseline -0.002 -28"><span class='ocrx_word' id='word_1_253' title='bbox 399 3919 485 3999; x_wconf 88' lang='lat' dir='ltr'><strong>juris.</strong></span> <span class='ocrx_word' id='word_1_254' title='bbox 511 3920 667 3998; x_wconf 89' lang='lat' dir='ltr'><strong>Preterea,</strong></span> <span class='ocrx_word' id='word_1_255' title='bbox 693 3920 768 4001; x_wconf 94' lang='lat' dir='ltr'><strong>quia</strong></span> <span class='ocrx_word' id='word_1_256' title='bbox 803 3918 917 4001; x_wconf 90' lang='lat' dir='ltr'><strong>prefati</strong></span> <span class='ocrx_word' id='word_1_257' title='bbox 951 3921 1045 3996; x_wconf 90' lang='lat' dir='ltr'><strong>cives,</strong></span> <span class='ocrx_word' id='word_1_258' title='bbox 1079 3919 1220 4000; x_wconf 90' lang='lat' dir='ltr'><strong>hospites</strong></span> <span class='ocrx_word' id='word_1_259' title='bbox 1254 3931 1285 3979; x_wconf 93' lang='lat' dir='ltr'><strong>et</strong></span> <span class='ocrx_word' id='word_1_260' title='bbox 1316 3917 1548 4008; x_wconf 88' lang='lat' dir='ltr'><strong>inhabitatores</strong></span> <span class='ocrx_word' id='word_1_261' title='bbox 1584 3917 1664 3978; x_wconf 90' lang='lat' dir='ltr'><strong>dicte</strong></span> 
     </span>
     <span class='ocr_line' id='line_1_32' title="bbox 398 4023 1665 4107; baseline -0.001 -23"><span class='ocrx_word' id='word_1_262' title='bbox 398 4025 533 4094; x_wconf 72' lang='lat' dir='ltr'><strong>civitatis</strong></span> <span class='ocrx_word' id='word_1_263' title='bbox 557 4040 663 4087; x_wconf 89' lang='lat' dir='ltr'><strong>nostre</strong></span> <span class='ocrx_word' id='word_1_264' title='bbox 687 4027 818 4106; x_wconf 89' lang='lat' dir='ltr'><strong>antiqua</strong></span> <span class='ocrx_word' id='word_1_265' title='bbox 842 4044 955 4086; x_wconf 90' lang='lat' dir='ltr'><strong>eorum</strong></span> <span class='ocrx_word' id='word_1_266' title='bbox 980 4025 1134 4086; x_wconf 89' lang='lat' dir='ltr'><strong>libertatis</strong></span> <span class='ocrx_word' id='word_1_267' title='bbox 1157 4025 1360 4107; x_wconf 87' lang='lat' dir='ltr'><strong>prerogativa</strong></span> <span class='ocrx_word' id='word_1_268' title='bbox 1385 4043 1442 4106; x_wconf 89' lang='lat' dir='ltr'><strong>per</strong></span> <span class='ocrx_word' id='word_1_269' title='bbox 1466 4023 1562 4084; x_wconf 91' lang='lat' dir='ltr'><strong>divos</strong></span> <span class='ocrx_word' id='word_1_270' title='bbox 1578 4043 1665 4104; x_wconf 87' lang='lat' dir='ltr'><strong>reges</strong></span> 
     </span>
     <span class='ocr_line' id='line_1_33' title="bbox 399 4129 1664 4213; baseline -0.001 -24"><span class='ocrx_word' id='word_1_271' title='bbox 399 4129 575 4210; x_wconf 89' lang='lat' dir='ltr'><strong>Hungarie,</strong></span> <span class='ocrx_word' id='word_1_272' title='bbox 600 4144 725 4192; x_wconf 89' lang='lat' dir='ltr'><strong>nostros</strong></span> <span class='ocrx_word' id='word_1_273' title='bbox 753 4131 873 4192; x_wconf 89' lang='lat' dir='ltr'><strong>scilicet</strong></span> <span class='ocrx_word' id='word_1_274' title='bbox 896 4131 1136 4213; x_wconf 90' lang='lat' dir='ltr'><strong>predecessores</strong></span> <span class='ocrx_word' id='word_1_275' title='bbox 1168 4131 1245 4212; x_wconf 90' lang='lat' dir='ltr'><strong>ipsis</strong></span> <span class='ocrx_word' id='word_1_276' title='bbox 1275 4130 1419 4209; x_wconf 88' lang='lat' dir='ltr'><strong>graciose</strong></span> <span class='ocrx_word' id='word_1_277' title='bbox 1451 4148 1606 4191; x_wconf 89' lang='lat' dir='ltr'><strong>concessa</strong></span> <span class='ocrx_word' id='word_1_278' title='bbox 1635 4141 1664 4190; x_wconf 94' lang='lat' dir='ltr'><strong>et</strong></span> 
     </span>
    </p>
   </div>
   <div class='ocr_carea' id='block_1_5' title="bbox 311 4235 1662 4316">
    <p class='ocr_par' dir='ltr' id='par_1_6' title="bbox 311 4235 1662 4316">
     <span class='ocr_line' id='line_1_34' title="bbox 311 4235 1662 4316; baseline 0.001 -23"><span class='ocrx_word' id='word_1_279' title='bbox 311 4259 319 4280; x_wconf 91' lang='lat'><strong>·</strong></span> <span class='ocrx_word' id='word_1_280' title='bbox 398 4253 453 4312; x_wconf 93' lang='lat' dir='ltr'><strong>per</strong></span> <span class='ocrx_word' id='word_1_281' title='bbox 477 4247 642 4315; x_wconf 89' lang='lat' dir='ltr'><strong>paternam</strong></span> <span class='ocrx_word' id='word_1_282' title='bbox 667 4236 804 4297; x_wconf 91' lang='lat' dir='ltr'><strong>condam</strong></span> <span class='ocrx_word' id='word_1_283' title='bbox 829 4237 1028 4298; x_wconf 83' lang='lat' dir='ltr'><strong>Maiestatem</strong></span> <span class='ocrx_word' id='word_1_284' title='bbox 1046 4235 1232 4298; x_wconf 87' lang='lat' dir='ltr'><strong>confirmata</strong></span> <span class='ocrx_word' id='word_1_285' title='bbox 1250 4237 1444 4316; x_wconf 90' lang='lat' dir='ltr'><strong>requirente,</strong></span> <span class='ocrx_word' id='word_1_286' title='bbox 1462 4256 1479 4296; x_wconf 91' lang='lat' dir='ltr'><strong>a</strong></span> <span class='ocrx_word' id='word_1_287' title='bbox 1497 4236 1662 4297; x_wconf 91' lang='lat' dir='ltr'><strong>solucione</strong></span> 
     </span>
    </p>
   </div>
   <div class='ocr_carea' id='block_1_6' title="bbox 398 4339 1663 5060">
    <p class='ocr_par' dir='ltr' id='par_1_7' title="bbox 398 4339 1663 5060">
     <span class='ocr_line' id='line_1_35' title="bbox 398 4339 1662 4423; baseline 0.005 -28"><span class='ocrx_word' id='word_1_288' title='bbox 398 4339 567 4402; x_wconf 94' lang='lat' dir='ltr'><strong>cuiuslibet</strong></span> <span class='ocrx_word' id='word_1_289' title='bbox 589 4341 699 4402; x_wconf 91' lang='lat' dir='ltr'><strong>tributi</strong></span> <span class='ocrx_word' id='word_1_290' title='bbox 723 4361 779 4403; x_wconf 90' lang='lat' dir='ltr'><strong>seu</strong></span> <span class='ocrx_word' id='word_1_291' title='bbox 810 4341 944 4404; x_wconf 91' lang='lat' dir='ltr'><strong>thelonii</strong></span> <span class='ocrx_word' id='word_1_292' title='bbox 969 4356 1034 4403; x_wconf 89' lang='lat' dir='ltr'><strong>tarn</strong></span> <span class='ocrx_word' id='word_1_293' title='bbox 1065 4342 1103 4402; x_wconf 94' lang='lat' dir='ltr'><strong>de</strong></span> <span class='ocrx_word' id='word_1_294' title='bbox 1135 4343 1280 4423; x_wconf 88' lang='lat' dir='ltr'><strong>personis</strong></span> <span class='ocrx_word' id='word_1_295' title='bbox 1313 4341 1462 4422; x_wconf 90' lang='lat' dir='ltr'><strong>propriis,</strong></span> <span class='ocrx_word' id='word_1_296' title='bbox 1495 4361 1594 4422; x_wconf 91' lang='lat' dir='ltr'><strong>quarn</strong></span> <span class='ocrx_word' id='word_1_297' title='bbox 1625 4340 1662 4400; x_wconf 91' lang='lat' dir='ltr'><strong>de</strong></span> 
     </span>
     <span class='ocr_line' id='line_1_36' title="bbox 399 4442 1663 4529; baseline 0.006 -31"><span class='ocrx_word' id='word_1_298' title='bbox 399 4442 492 4503; x_wconf 90' lang='lat' dir='ltr'><strong>rebus</strong></span> <span class='ocrx_word' id='word_1_299' title='bbox 516 4459 546 4506; x_wconf 89' lang='lat' dir='ltr'><strong>et</strong></span> <span class='ocrx_word' id='word_1_300' title='bbox 571 4447 664 4508; x_wconf 90' lang='lat' dir='ltr'><strong>bonis</strong></span> <span class='ocrx_word' id='word_1_301' title='bbox 688 4448 831 4529; x_wconf 88' lang='lat' dir='ltr'><strong>ipsorum</strong></span> <span class='ocrx_word' id='word_1_302' title='bbox 855 4449 1151 4509; x_wconf 88' lang='lat' dir='ltr'><strong>mercimonialibus</strong></span> <span class='ocrx_word' id='word_1_303' title='bbox 1185 4448 1352 4528; x_wconf 93' lang='lat' dir='ltr'><strong>quibusvis</strong></span> <span class='ocrx_word' id='word_1_304' title='bbox 1384 4447 1515 4529; x_wconf 89' lang='lat' dir='ltr'><strong>penitus</strong></span> <span class='ocrx_word' id='word_1_305' title='bbox 1549 4463 1580 4508; x_wconf 89' lang='lat' dir='ltr'><strong>et</strong></span> <span class='ocrx_word' id='word_1_306' title='bbox 1610 4465 1663 4529; x_wconf 92' lang='lat' dir='ltr'><strong>per</strong></span> 
     </span>
     <span class='ocr_line' id='line_1_37' title="bbox 399 4548 1663 4635; baseline 0.007 -32"><span class='ocrx_word' id='word_1_307' title='bbox 399 4548 505 4608; x_wconf 89' lang='lat' dir='ltr'><strong>omnia</strong></span> <span class='ocrx_word' id='word_1_308' title='bbox 530 4552 667 4632; x_wconf 86' lang='lat' dir='ltr'><strong>exempti</strong></span> <span class='ocrx_word' id='word_1_309' title='bbox 692 4572 758 4613; x_wconf 90' lang='lat' dir='ltr'><strong>esse</strong></span> <span class='ocrx_word' id='word_1_310' title='bbox 782 4553 990 4634; x_wconf 89' lang='lat' dir='ltr'><strong>perhibentur</strong></span> <span class='ocrx_word' id='word_1_311' title='bbox 1014 4565 1045 4614; x_wconf 92' lang='lat' dir='ltr'><strong>et</strong></span> <span class='ocrx_word' id='word_1_312' title='bbox 1076 4553 1265 4635; x_wconf 90' lang='lat' dir='ltr'><strong>supportati,</strong></span> <span class='ocrx_word' id='word_1_313' title='bbox 1290 4553 1364 4614; x_wconf 87' lang='lat' dir='ltr'><strong>ideo</strong></span> <span class='ocrx_word' id='word_1_314' title='bbox 1388 4553 1483 4613; x_wconf 91' lang='lat' dir='ltr'><strong>vobis</strong></span> <span class='ocrx_word' id='word_1_315' title='bbox 1507 4553 1663 4614; x_wconf 89' lang='lat' dir='ltr'><strong>universis</strong></span> 
     </span>
     <span class='ocr_line' id='line_1_38' title="bbox 400 4651 1661 4740; baseline 0.009 -33"><span class='ocrx_word' id='word_1_316' title='bbox 400 4661 430 4707; x_wconf 91' lang='lat' dir='ltr'><strong>et</strong></span> <span class='ocrx_word' id='word_1_317' title='bbox 452 4651 584 4732; x_wconf 91' lang='lat' dir='ltr'><strong>singulis</strong></span> <span class='ocrx_word' id='word_1_318' title='bbox 607 4657 790 4737; x_wconf 88' lang='lat' dir='ltr'><strong>tributariis,</strong></span> <span class='ocrx_word' id='word_1_319' title='bbox 813 4673 879 4720; x_wconf 88' lang='lat' dir='ltr'><strong>tarn</strong></span> <span class='ocrx_word' id='word_1_320' title='bbox 910 4660 1027 4720; x_wconf 92' lang='lat' dir='ltr'><strong>nostris</strong></span> <span class='ocrx_word' id='word_1_321' title='bbox 1055 4659 1227 4739; x_wconf 90' lang='lat' dir='ltr'><strong>regalibus,</strong></span> <span class='ocrx_word' id='word_1_322' title='bbox 1261 4677 1359 4740; x_wconf 92' lang='lat' dir='ltr'><strong>quam</strong></span> <span class='ocrx_word' id='word_1_323' title='bbox 1396 4659 1500 4720; x_wconf 91' lang='lat' dir='ltr'><strong>eciam</strong></span> <span class='ocrx_word' id='word_1_324' title='bbox 1525 4659 1661 4719; x_wconf 91' lang='lat' dir='ltr'><strong>aliorum</strong></span> 
     </span>
     <span class='ocr_line' id='line_1_39' title="bbox 399 4763 1662 4846; baseline 0.01 -35"><span class='ocrx_word' id='word_1_325' title='bbox 399 4769 676 4842; x_wconf 88' lang='lat' dir='ltr'><strong>quorumcumque</strong></span> <span class='ocrx_word' id='word_1_326' title='bbox 711 4764 815 4825; x_wconf 90' lang='lat' dir='ltr'><strong>ubivis</strong></span> <span class='ocrx_word' id='word_1_327' title='bbox 850 4765 882 4826; x_wconf 91' lang='lat' dir='ltr'><strong>in</strong></span> <span class='ocrx_word' id='word_1_328' title='bbox 906 4765 996 4825; x_wconf 89' lang='lat' dir='ltr'><strong>terris</strong></span> <span class='ocrx_word' id='word_1_329' title='bbox 1020 4764 1141 4826; x_wconf 91' lang='lat' dir='ltr'><strong>scilicet</strong></span> <span class='ocrx_word' id='word_1_330' title='bbox 1168 4777 1199 4826; x_wconf 89' lang='lat' dir='ltr'><strong>et</strong></span> <span class='ocrx_word' id='word_1_331' title='bbox 1230 4784 1326 4846; x_wconf 90' lang='lat' dir='ltr'><strong>super</strong></span> <span class='ocrx_word' id='word_1_332' title='bbox 1358 4764 1451 4845; x_wconf 92' lang='lat' dir='ltr'><strong>aquis</strong></span> <span class='ocrx_word' id='word_1_333' title='bbox 1483 4763 1662 4825; x_wconf 89' lang='lat' dir='ltr'><strong>constitutis</strong></span> 
     </span>
     <span class='ocr_line' id='line_1_40' title="bbox 400 4859 1661 4949; baseline 0.011 -35"><span class='ocrx_word' id='word_1_334' title='bbox 400 4867 430 4914; x_wconf 89' lang='lat' dir='ltr'><strong>et</strong></span> <span class='ocrx_word' id='word_1_335' title='bbox 453 4859 657 4926; x_wconf 87' lang='lat' dir='ltr'><strong>existentibus</strong></span> <span class='ocrx_word' id='word_1_336' title='bbox 680 4870 880 4948; x_wconf 88' lang='lat' dir='ltr'><strong>presencium</strong></span> <span class='ocrx_word' id='word_1_337' title='bbox 905 4870 1058 4931; x_wconf 89' lang='lat' dir='ltr'><strong>noticiam</strong></span> <span class='ocrx_word' id='word_1_338' title='bbox 1082 4869 1248 4949; x_wconf 87' lang='lat' dir='ltr'><strong>habituris,</strong></span> <span class='ocrx_word' id='word_1_339' title='bbox 1272 4869 1433 4931; x_wconf 90' lang='lat' dir='ltr'><strong>similibus</strong></span> <span class='ocrx_word' id='word_1_340' title='bbox 1465 4871 1585 4932; x_wconf 91' lang='lat' dir='ltr'><strong>nostris</strong></span> <span class='ocrx_word' id='word_1_341' title='bbox 1617 4889 1661 4929; x_wconf 88' lang='lat' dir='ltr'><strong>re·</strong></span> 
     </span>
     <span class='ocr_line' id='line_1_41' title="bbox 399 4958 1661 5060; baseline 0.015 -43"><span class='ocrx_word' id='word_1_342' title='bbox 399 4958 459 5037; x_wconf 89' lang='lat' dir='ltr'><strong>giis</strong></span> <span class='ocrx_word' id='word_1_343' title='bbox 481 4963 593 5028; x_wconf 89' lang='lat' dir='ltr'><strong>damus</strong></span> <span class='ocrx_word' id='word_1_344' title='bbox 617 4971 648 5030; x_wconf 92' lang='lat' dir='ltr'><strong>in</strong></span> <span class='ocrx_word' id='word_1_345' title='bbox 673 4975 840 5052; x_wconf 90' lang='lat' dir='ltr'><strong>mandatis,</strong></span> <span class='ocrx_word' id='word_1_346' title='bbox 865 4991 1023 5056; x_wconf 90' lang='lat' dir='ltr'><strong>quatenus</strong></span> <span class='ocrx_word' id='word_1_347' title='bbox 1046 4977 1166 5038; x_wconf 88' lang='lat' dir='ltr'><strong>amodo</strong></span> <span class='ocrx_word' id='word_1_348' title='bbox 1190 4975 1331 5058; x_wconf 85' lang='lat' dir='ltr'><strong>prefatos</strong></span> <span class='ocrx_word' id='word_1_349' title='bbox 1360 4977 1446 5037; x_wconf 88' lang='lat' dir='ltr'><strong>cives</strong></span> <span class='ocrx_word' id='word_1_350' title='bbox 1474 4991 1506 5037; x_wconf 91' lang='lat' dir='ltr'><strong>et</strong></span> <span class='ocrx_word' id='word_1_351' title='bbox 1523 4977 1661 5060; x_wconf 90' lang='lat' dir='ltr'><strong>hospites</strong></span> 
     </span>
    </p>
   </div>
   <div class='ocr_carea' id='block_1_7' title="bbox 0 0 1908 5792">
    <p class='ocr_par' dir='ltr' id='par_1_8' title="bbox 0 0 1908 5792">
     <span class='ocr_line' id='line_1_42' title="bbox 0 0 1908 5792; baseline 0 3"><span class='ocrx_word' id='word_1_352' title='bbox 0 0 1908 5792; x_wconf 95' lang='lat' dir='ltr'><strong> </strong></span> 
     </span>
    </p>
   </div>
  </div>
 </body>
</html>
