3808 5792
185 746 350 825 accideret,
386 745 486 828 (quod
523 746 602 808 deus
638 745 781 828 avertat,)
814 747 939 827 aliquas
974 743 1144 824 facciones,
1180 745 1359 807 sediciones
1394 758 1449 806 aut

182 852 259 914 alias
283 852 475 914 inimicicias
499 864 530 914 et
552 851 684 913 dissidia
711 852 743 913 in
768 851 829 912 hoc
854 871 954 932 regno
978 852 1053 913 oriri
1078 865 1109 914 et
1141 851 1246 933 ipsum
1278 851 1447 912 dominum

183 959 370 1041 episcopum
394 970 425 1020 et
448 960 567 1020 barrum
593 979 609 1018 a
635 958 789 1040 quopiam
818 958 939 1019 turbari
971 969 1002 1018 et
1034 957 1227 1039 impugnari,
1258 969 1334 1018 tunc
1365 957 1447 1039 parti

184 1065 316 1126 adverse
340 1081 406 1126 non
430 1065 667 1142 adherebimus,
691 1063 747 1126 sed
773 1063 832 1145 ipsi
857 1064 992 1125 domino
1026 1065 1178 1146 episcopo
1214 1075 1245 1123 et
1269 1063 1353 1124 bano
1388 1063 1448 1124 eri·

183 1191 253 1232 mus
278 1171 467 1232 obedientes
491 1183 522 1232 et
544 1170 665 1248 fideles,
690 1183 859 1251 partesque
884 1190 956 1231 suas
980 1189 1037 1252 pro
1061 1189 1155 1252 posse
1191 1181 1299 1230 nostro
1323 1187 1449 1250 semper

182 1291 211 1338 et
235 1277 356 1358 ubique
379 1289 487 1339 tenere
512 1289 542 1338 et
565 1275 674 1338 lovere
699 1276 849 1337 volumus
873 1276 914 1337 ad
950 1275 1047 1338 fidem
1071 1289 1213 1337 nostram
1244 1273 1448 1336 christianam

183 1397 213 1446 et
236 1384 395 1446 honorem
426 1397 457 1445 et
491 1383 724 1445 humanitatem
760 1395 912 1461 nostram,
948 1382 988 1443 ad
1020 1381 1235 1464 quosquidem
1272 1398 1330 1441 nos
1365 1381 1450 1442 cives

183 1491 406 1552 universaliter
430 1503 461 1551 et
485 1489 622 1571 quilibet
643 1487 831 1568 singillatim
855 1487 1030 1567 offerimus,
1063 1487 1280 1569 promittimus
1312 1498 1342 1547 et
1366 1485 1448 1547 obli·

180 1617 294 1679 gamus
317 1597 431 1659 harum
455 1609 635 1657 nostrarum
660 1595 771 1676 vigore
796 1606 826 1654 et
847 1594 1033 1656 testimonio
1065 1594 1244 1656 litterarum
1275 1591 1448 1654 mediante.

182 1703 312 1766 Datum.
338 1751 345 1766 .
371 1755 377 1768 .
403 1752 410 1766 .

287 1826 308 1876 E
327 1831 493 1890 transumpto
513 1825 621 1890 capituli
641 1825 748 1889 aagrab.
762 1825 794 1874 de
814 1837 883 1874 anuo
906 1821 982 1876 1518.
995 1823 1022 1874 ln
1043 1823 1140 1874 archiv.
1156 1822 1216 1874 incl.
1237 1823 1334 1875 llccad.
1354 1822 1449 1874 scient.

184 1913 293 1968 Slavon.
311 1916 403 1967 merld.

773 2090 851 2158 152.

289 2199 364 2250 Ciraa
383 2212 424 2252 aa.
444 2197 520 2250 1518.

179 2309 288 2366 Petrus
310 2309 478 2366 Berislavic‘
496 2308 589 2365 banus
611 2308 729 2365 nuntiat
749 2307 885 2380 omnebus,
907 2305 1061 2380 praecipue
1090 2303 1291 2364 communitati
1318 2304 1448 2363 civitatis

438 2433 467 2472 se
489 2415 584 2471 arlhuc
606 2433 663 2471 esse
686 2415 792 2471 danum
815 2420 902 2488 alque
930 2431 976 2470 eos
998 2411 1192 2487 defensurum.

286 2554 355 2614 Nos
378 2553 490 2614 Petrus
514 2553 684 2634 episcopus
707 2552 956 2634 wesprimiensis
980 2564 1011 2612 et
1034 2552 1137 2612 banus
1157 2563 1216 2614 etc.
1234 2550 1364 2612 Tenore
1380 2569 1450 2632 pre-

178 2660 325 2750 sencium
350 2658 567 2742 significamus
604 2659 722 2740 quibus
755 2658 883 2740 expedit
907 2657 1074 2719 universis.
1110 2655 1208 2729 Quod
1243 2657 1318 2738 quia
1350 2675 1452 2738 nuper

180 2786 240 2828 nos
265 2787 303 2828 ex
338 2766 591 2847 congregacione
628 2785 685 2826 seu
724 2763 808 2826 dieta
844 2763 1051 2825 dominorum
1088 2763 1323 2844 regnicolarum
1360 2762 1450 2843 regni

181 2872 358 2953 Hungarie,
385 2872 486 2950 Bude,
512 2869 652 2952 profesto
678 2871 763 2932 beati
788 2869 920 2950 Georgii
945 2867 1093 2948 martiris,
1118 2869 1263 2951 proxime
1288 2869 1451 2951 preterita,

179 2979 351 3056 celebrata,
376 2977 555 3039 insalutatis
579 2989 610 3038 et
645 2976 753 3037 insciis
777 2977 945 3038 nonnullis
980 2976 1121 3038 dominis
1154 2975 1285 3056 prelatis
1317 2987 1348 3036 et
1379 2976 1450 3036 bar-

178 3085 315 3146 ronibus
336 3086 378 3146 ob
415 3097 515 3145 certas
550 3083 624 3145 satis
648 3097 679 3144 et
714 3083 927 3144 racionabiles
962 3103 1072 3144 causas
1108 3081 1200 3143 Buda
1235 3102 1272 3142 ex
1308 3081 1450 3163 predicta

178 3191 394 3270 discessimus,
406 3192 448 3252 ob
461 3191 522 3252 hoc
547 3189 676 3251 luerunt
687 3189 834 3267 nonnuli,
849 3190 903 3271 qui
918 3188 1103 3250 huiusmodi
1113 3201 1259 3249 nostrum
1273 3187 1451 3265 decessum,

178 3312 214 3359 ut
239 3296 344 3358 solent
369 3309 400 3358 et
423 3296 496 3374 alia,
523 3296 555 3356 in
580 3295 697 3357 malam
723 3308 754 3356 et
778 3295 938 3357 sinistram
963 3308 1085 3376 partem
1112 3293 1308 3375 interpretati
1322 3291 1450 3371 fuerint,

179 3403 366 3484 famamque
381 3402 494 3464 exinde
505 3402 664 3462 sinistram
682 3401 787 3462 levare
802 3414 832 3462 et
844 3401 1009 3482 publicare
1026 3419 1090 3462 non
1111 3399 1339 3476 dubitaverint,
1356 3418 1452 3481 prop·

178 3524 227 3572 ter
242 3529 342 3590 quarn
356 3509 537 3590 complures
549 3507 660 3568 fideles
680 3507 766 3588 regie
781 3507 965 3585 Maiestatis,
976 3506 1100 3569 domini
1116 3505 1215 3566 nostri
1241 3505 1451 3585 graciossimi,

178 3617 235 3697 qui
260 3615 340 3676 alias
361 3635 417 3676 sue
442 3615 599 3676 Maiestati
624 3612 821 3692 fidelitatem,
847 3613 941 3674 nobis
965 3625 1071 3673 autern
1104 3623 1270 3692 tamquam
1304 3611 1389 3672 bano
1421 3623 1453 3670 et

177 3721 312 3784 officiali
336 3741 391 3782 sue
417 3720 591 3782 Maiestatis
623 3720 817 3801 obsequium
848 3732 879 3780 et
910 3718 1134 3780 obedienciam
1166 3736 1291 3798 semper
1320 3716 1452 3777 exhibu-

178 3841 284 3906 erunt,
309 3826 525 3908 exhibereque
561 3825 695 3887 fuissent
730 3825 842 3907 parati,
877 3825 909 3886 in
946 3824 1107 3906 quandam
1146 3823 1385 3885 dubitacionem
1423 3835 1453 3882 et

178 3933 402 4014 ambiguitatis
440 3931 657 3994 diffidenciaim
698 3931 911 4009 devenissent,
952 3944 982 3992 et
1019 3930 1059 3991 de
1100 3929 1195 3990 nobis
1234 3929 1451 4012 suspicionem

179 4039 345 4121 quandam
370 4038 529 4100 sinistram
555 4039 724 4120 concipere
758 4037 890 4100 luissent
914 4038 1026 4099 coacti.
1057 4034 1145 4099 Inter
1176 4055 1258 4117 quos
1288 4035 1452 4096 venientes

178 4146 219 4207 ad
244 4165 305 4207 nos
330 4145 406 4206 certi
430 4145 514 4206 cives
540 4146 572 4205 in
588 4165 724 4226 persona
737 4144 933 4226 prudentum
946 4163 982 4204 ac
999 4143 1305 4224 circumspectorum
1323 4140 1450 4222 judicis,

177 4251 370 4332 juratorum,
403 4251 587 4332 civiumque
623 4264 654 4312 et
696 4251 901 4312 universitate
933 4249 1111 4311 incolarum
1147 4247 1282 4308 civitatis
1319 4247 1453 4308 Montis-

180 4357 350 4438 grecensis
374 4355 590 4438 significantes
617 4357 721 4435 nobis,
746 4377 779 4418 se
804 4357 890 4437 regie
915 4355 1073 4417 Maiestati
1107 4353 1231 4416 domini
1257 4351 1358 4414 nostri
1382 4371 1453 4432 gra·

177 4463 350 4525 closissimi
375 4461 442 4524 fore
466 4482 591 4545 semper
628 4476 663 4524 ut
698 4463 817 4525 debent
840 4460 961 4541 fideles,
986 4460 1145 4541 nobisque
1178 4473 1343 4538 tamquam
1368 4458 1453 4518 bano

177 4589 307 4652 semper
331 4569 475 4630 debitum
501 4569 693 4650 obsequium
719 4581 924 4651 prestaturos,
954 4565 1133 4628 dummodo
1160 4565 1223 4626 illis
1251 4563 1453 4626 securitatem

151 4696 217 4738 ,ex
243 4689 332 4758 parte
357 4677 456 4736 nostri
481 4676 741 4737 concederemus.
767 4676 833 4736 Nos
866 4687 973 4735 autem
998 4671 1236 4734 considerantes
1267 4669 1453 4731 huiusmodi

178 4783 324 4864 ipsorum
349 4781 544 4842 desiderium
570 4801 637 4843 esse
661 4782 780 4863 justum
805 4795 836 4844 et
859 4780 979 4842 racioni
1004 4798 1195 4856 consonum,
1223 4790 1254 4838 et
1277 4797 1315 4838 eo
1350 4773 1455 4857 magis

177 4889 256 4970 quia
281 4900 391 4949 contra
416 4885 526 4948 fideles
549 4907 605 4949 sue
630 4887 804 4949 Maiestatis
828 4885 919 4948 nullo
944 4905 1088 4966 unquam
1113 4899 1261 4965 tempore
1286 4880 1453 4962 quippiam

178 4994 381 5055 voluerimus
404 5006 557 5054 attentare
582 4991 721 5054 iacilime
757 5012 867 5054 sumus
898 4991 1053 5070 inclinati,
1086 5003 1120 5052 ut
1155 4989 1241 5071 ipsis,
1276 5005 1453 5066 eorumque
