3808 5792
351 457 414 580 Ι250
768 499 842 560 Dec.
865 513 936 559 202.
967 533 999 542 -
1025 501 1080 558 Aa.
1104 494 1195 572 1526.

355 607 574 614 -———..—*-...
596 607 741 613 ——.—..-
784 607 877 612 ——

350 743 380 789 et
404 743 622 806 manutenete,
646 742 676 789 et
700 729 725 789 si
750 727 910 809 quispiam
943 729 974 788 in
1000 747 1149 808 processu
1184 739 1367 806 temporum
1404 724 1444 786 ad
1476 743 1611 804 occupa-

350 835 478 896 cionem
504 835 642 917 ipsarum
680 834 918 915 possessionum
942 853 975 894 se
999 832 1229 915 impediturum
1261 830 1358 892 vellet
1389 844 1419 892 et
1450 830 1614 906 niteretur,

350 960 416 1002 non
441 941 540 1022 possit
565 940 693 1000 interim
715 959 882 1021 occupare,
906 938 1009 1000 donec
1033 951 1191 1000 trecentos
1225 937 1364 999 florenos
1398 955 1463 998 non
1486 935 1616 996 solverit

352 1045 523 1107 heredibus
548 1045 657 1127 ipsius,
693 1065 775 1126 quos
810 1045 876 1126 ipse
901 1046 1040 1106 loannes
1073 1044 1219 1126 exposuit
1243 1043 1275 1104 in
1311 1041 1401 1104 lactis
1435 1042 1550 1103 nostris
1584 1055 1614 1101 et

351 1152 445 1213 castri
469 1153 568 1212 nostri
594 1152 819 1213 Medwewara.
843 1151 876 1212 ln
902 1169 1041 1231 quorum
1068 1148 1165 1212 fidem
1188 1169 1246 1211 nos
1277 1161 1438 1231 presentes
1468 1147 1615 1208 dedimus

352 1258 472 1318 litteras
489 1271 611 1319 nostras
635 1257 772 1319 anullari
796 1256 904 1338 sigillo
928 1269 1037 1318 nostro
1053 1255 1247 1336 obsignatas.
1265 1254 1383 1316 Datum
1400 1254 1432 1314 in
1452 1250 1614 1314 Medwed·

351 1383 417 1424 war
441 1363 472 1424 in
498 1363 578 1424 sesto
602 1365 701 1425 sancti
727 1362 882 1424 lobannis
906 1362 1053 1444 baptiste.
1077 1365 1172 1424 Anno
1197 1361 1321 1422 domini
1347 1357 1525 1421 MDXXVl.

459 1501 663 1568 Etransumpto
692 1503 771 1567 capit.
797 1505 903 1568 zagrab.
928 1517 997 1553 anno
1028 1503 1101 1554 1535.
1131 1501 1236 1552 Literae
1265 1501 1314 1551 hae
1343 1500 1529 1551 donationales
1556 1500 1614 1548 »de

350 1591 571 1656 glagolitico
591 1591 953 1644 ialatinutnidionta«
981 1595 1171 1654 transumptae,
1196 1589 1227 1639 in
1255 1590 1318 1640 vol.
1348 1589 1379 1639 ll.
1409 1587 1505 1637 allon.
1534 1587 1614 1637 hist.

351 1681 444 1732 civit.
463 1679 662 1745 Zagrabiae
678 1695 740 1756 per
764 1695 917 1730 errorem
936 1678 1147 1744 adscriptae
1167 1683 1244 1728 suut
1264 1691 1351 1728 anno
1373 1677 1463 1727 1⁴26.‹
1485 1703 1517 1712 -
1538 1675 1615 1742 Orig.

354 1768 379 1818 in
400 1769 488 1818 archiv
517 1769 590 1832 regni
612 1767 697 1818 Dalm.
718 1769 805 1820 Croat.
820 1772 847 1819 et
867 1765 937 1819 Slax.

940 2051 1028 2114 202.

459 2209 533 2258 Anno
555 2209 630 2260 1526.
651 2209 674 2260 1.
695 2211 807 2275 augusti.
829 2206 923 2260 ustae.

357 2351 590 2410 Communitatem
612 2357 746 2423 civetates,
764 2362 919 2428 postquam
942 2354 985 2410 ad
1004 2353 1210 2427 defendendam
1234 2355 1366 2426 patn'am
1395 2367 1438 2430 40
1457 2354 1567 2430 pedites
1590 2359 1620 2408 et

351 2454 374 2513 ό
395 2477 479 2531 equas
501 2478 564 2516 cum
588 2478 676 2516 curru
707 2460 750 2516 ad
778 2460 955 2517 deducendas
977 2459 1103 2534 pyxides
1130 2459 1218 2526 dedit,
1250 2459 1423 2516 araneam
1450 2460 1484 2516 de
1515 2459 1618 2515 aaran

700 2567 792 2623 banus
815 2567 934 2639 reliquis
956 2566 1146 2639 apparatibus
1168 2565 1279 2626 le'berat.

457 2721 524 2782 Nos
549 2721 734 2783 Franciscus
758 2722 797 2783 de
822 2723 991 2805 Batthyan,
1024 2741 1196 2804 regnorum
1221 2722 1396 2800 Dalmacie,
1419 2720 1554 2783 Croacie
1587 2735 1618 2782 et

246 2899 248 2904 Ι
352 2825 523 2888 Sclauonie
548 2828 649 2888 banus
673 2843 732 2890 etc.
758 2829 923 2890 Universis
946 2843 977 2890 et
1000 2828 1135 2910 singulis
1159 2828 1295 2910 egregiis
1319 2841 1350 2889 et
1373 2827 1538 2888 nobilibus
1563 2847 1616 2888 co-

351 2932 494 3011 mitibus,
519 2933 762 2995 vicecomitibus
786 2948 816 2996 et
839 2933 999 3015 judicibus
1023 2934 1184 2996 nobilium
1208 2933 1377 2995 comitatus
1402 2933 1617 3014 zagrabiensis

350 3039 486 3099 salutem
511 3059 583 3101 cum
608 3039 728 3103 lavore.
750 3041 921 3120 Noveritis,
934 3041 1023 3122 quod
1047 3039 1142 3122 judex
1166 3053 1197 3102 et
1220 3039 1326 3120 jurati,
1343 3039 1504 3120 ceterique
1529 3039 1614 3100 cives

351 3144 486 3205 civitatis
510 3145 628 3206 montis
654 3145 824 3208 Grecensis
847 3146 887 3208 ad
911 3159 1091 3228 presentem
1116 3146 1359 3228 expedicionem
1384 3160 1494 3206 contra
1510 3143 1616 3206 Thur-

353 3270 407 3312 cos
442 3250 580 3313 fiendam
605 3273 622 3314 e
651 3253 760 3314 medio
792 3253 934 3334 ipsorum
966 3254 1178 3335 quadraginta
1210 3252 1334 3334 pedites
1366 3252 1469 3312 bonos
1500 3263 1530 3310 et
1564 3271 1616 3312 sex

352 3375 453 3437 equos
477 3356 646 3419 curtiferas
669 3358 766 3420 simul
791 3378 864 3420 cum
888 3345 982 3421 curru
997 3360 1037 3421 ad
1055 3359 1261 3421 deducendas
1285 3357 1408 3439 pixides
1424 3356 1617 3417 necessarias

351 3463 516 3540 miserunt,
553 3483 635 3544 quos
670 3484 729 3526 nos
762 3465 913 3528 vidimus.
949 3465 1033 3527 Cum
1068 3465 1175 3546 itaque
1200 3465 1225 3525 si
1261 3483 1342 3545 opus
1376 3461 1472 3524 fuerit
1505 3481 1619 3522 omnes

352 3568 475 3652 incolas
506 3569 601 3631 huius
637 3570 727 3652 regni
763 3591 819 3653 per
854 3572 980 3652 singula
1013 3572 1117 3654 capita
1151 3571 1382 3651 cuiuscumque
1417 3569 1618 3630 condicionis

351 3675 497 3754 existant,
520 3691 592 3758 post
616 3695 675 3738 nos
699 3678 863 3758 insurgere
887 3691 918 3738 et
942 3697 1071 3740 movete
1096 3676 1363 3754 commiserimus,
1379 3674 1526 3736 nolentes
1542 3675 1617 3736 civi-

353 3793 450 3842 tatem
476 3781 565 3843 illam
589 3783 724 3844 omnino
757 3783 936 3844 desolatam
968 3797 999 3844 et
1031 3782 1218 3844 hominibus
1251 3781 1445 3860 destitutam,
1478 3780 1535 3841 sed
1565 3800 1618 3841 cu·

351 3887 474 3967 pientes
498 3887 587 3948 illam
610 3889 712 3970 magis
736 3889 887 3950 intactam
911 3889 1104 3970 relinquere,
1128 3888 1294 3970 presertim
1320 3907 1393 3949 cum
1416 3887 1457 3948 sit
1480 3887 1513 3947 in
1539 3905 1615 3948 con-

352 3991 470 4052 finibus
494 3992 607 4073 posita,
632 3993 782 4055 volumus
805 4007 836 4055 et
860 3994 952 4055 vobis
967 3993 1081 4055 harum
1105 3994 1185 4054 serie
1203 3993 1444 4072 committimus,
1460 4005 1619 4074 quatenus

352 4097 430 4157 dum
455 4111 485 4158 et
509 4098 639 4177 quando
664 4099 762 4160 iidem
787 4099 872 4160 cives
895 4119 952 4160 vos
984 4099 1080 4160 simul
1105 4099 1156 4160 vel
1188 4099 1321 4160 seorsim
1353 4099 1556 4179 requisierint
1588 4113 1619 4158 et

352 4215 513 4282 presentes
537 4204 629 4264 vobis
653 4205 862 4283 ostenderint,
879 4205 1009 4267 eosdem
1027 4207 1067 4267 ab
1084 4203 1270 4266 huiusmodi
1287 4204 1435 4266 mocione
1452 4217 1619 4286 exemptos

353 4321 383 4368 et
407 4306 525 4369 liberos
549 4308 666 4371 habere
691 4310 843 4388 debeatis,
869 4330 927 4372 nec
951 4311 1025 4372 illos
1049 4331 1087 4372 ex
1117 4310 1243 4372 civitate
1268 4310 1335 4391 ipsa
1367 4309 1452 4370 exire
1486 4309 1618 4389 cogatis.

354 4413 451 4473 Secus
475 4414 565 4475 nullo
589 4416 689 4477 modo
713 4415 816 4477 facere
840 4417 1039 4498 presumatis.
1057 4416 1261 4477 Presentibus
1278 4415 1435 4498 perlectis,
1454 4413 1618 4476 exhibenti

352 4518 512 4580 restitutis.
538 4520 656 4582 Datum
680 4521 796 4582 Rashie
822 4523 854 4583 in
879 4521 958 4584 festo
984 4522 1023 4583 ad
1048 4523 1176 4584 vincula
1208 4523 1291 4584 beati
1316 4521 1411 4583 Petri.
1436 4525 1532 4582 Anno
1559 4525 1616 4582 do-

354 4622 440 4681 mini.
458 4623 631 4686 millesimo
649 4627 907 4707 quingentesimo
931 4628 1088 4710 vigesimo
1113 4642 1211 4690 sexto.

460 4761 597 4825 Originale
617 4764 642 4815 iu
662 4766 759 4818 charta.
780 4765 808 4818 ln
829 4768 945 4832 margine
966 4768 1088 4818 interiori
1110 4769 1266 4832 impressum
1281 4771 1323 4818 est
1337 4767 1463 4833 sigillum.
1478 4765 1504 4816 lu
1519 4766 1619 4818 archiv.

358 4845 417 4898 incl.
437 4849 533 4900 Accad.
553 4851 646 4906 scient.
666 4852 769 4908 Slavor.
789 4855 879 4907 merid.
