3732 5802
616 524 688 582 θοι.
713 519 760 584 81.
785 557 826 566 -
854 524 908 584 An.
933 537 1019 600 1510.
1406 529 1446 610 87

177 750 287 812 omnia
323 769 385 812 nos
416 751 498 812 inter
528 762 632 832 partes
663 749 808 812 volentes
838 750 981 812 revidere
1014 763 1045 814 et
1077 753 1228 815 omnibus
1262 754 1446 819 huiusmodi

176 856 446 918 contencionibus
469 869 500 918 et
523 855 748 918 controversiis
771 854 869 918 finem
889 856 1060 920 indilatum
1079 859 1255 940 imponere,
1278 863 1445 926 statuimus

176 963 217 1024 de
252 961 314 1024 hiis
345 981 445 1044 quam
472 962 613 1044 primum
645 981 701 1044 per
732 960 861 1023 fidelem
894 975 1038 1024 nostrum
1071 965 1236 1046 egregium
1261 967 1447 1048 magistrum

178 1069 388 1130 Franciscum
421 1067 461 1128 de
493 1065 644 1129 Marocha
675 1067 852 1150 personalis
874 1068 1038 1150 presencie
1062 1083 1168 1131 nostre
1193 1085 1224 1132 et
1247 1073 1337 1154 regni
1362 1073 1449 1136 illius

176 1174 279 1236 nostri
321 1173 493 1236 Sclauonie
532 1171 812 1255 prothonotarium
852 1187 883 1236 et
920 1174 1041 1254 judices
1079 1176 1239 1238 nobilium
1278 1179 1448 1240 comitatus

176 1281 399 1362 zagrabiensis
430 1293 516 1342 certo
543 1279 664 1342 cercius
687 1279 833 1356 edoceri;
866 1293 992 1342 etcum
1017 1282 1189 1362 negocium
1214 1297 1245 1344 et
1268 1303 1317 1344 res
1339 1283 1448 1347 huius-

176 1386 271 1448 modi
296 1387 390 1448 vobis
415 1399 445 1447 et
463 1385 635 1466 unicuique
652 1399 792 1446 vestrum
810 1397 953 1446 constare
970 1386 1093 1449 dicatur
1110 1388 1284 1468 evidenter,
1302 1389 1445 1452 fidelitati

176 1493 280 1575 igitur
302 1505 405 1556 vestre
431 1505 462 1553 et
484 1505 624 1553 vestrum
647 1491 779 1552 cuilibet
795 1491 908 1552 harum
925 1492 1005 1553 serie
1022 1491 1201 1555 firmissime
1218 1495 1449 1558 committimus

177 1613 210 1662 et
242 1598 445 1676 mandamus,
477 1611 634 1679 quatenus
667 1597 744 1658 dum
780 1611 811 1658 et
843 1617 941 1679 quarn
972 1597 1112 1680 primum
1145 1619 1217 1661 cum
1250 1602 1450 1684 presentibus

176 1725 236 1788 per
269 1704 409 1767 eundem
439 1704 627 1786 magistrum
658 1703 936 1785 prothonotarium
968 1703 1018 1765 vel
1049 1703 1170 1784 judices
1202 1706 1361 1768 nobilium
1394 1721 1449 1769 aut

178 1829 297 1873 eorum
323 1811 459 1873 alterum
483 1805 556 1872 curn
580 1809 780 1892 presentibus
804 1807 926 1870 fueritis
951 1809 1106 1890 requisiti,
1131 1810 1181 1872 vel
1206 1811 1284 1873 alter
1308 1825 1448 1874 vestrum

178 1916 355 1998 requisitus
380 1914 484 1996 luerit,
509 1915 597 1978 illico
625 1916 657 1978 in
684 1915 880 1998 presenciam
908 1915 1007 1997 ipsius
1027 1915 1172 1996 magistri
1192 1917 1351 1980 Francisci
1374 1937 1447 2000 pro-

178 2023 356 2084 thonotarii
387 2022 427 2084 ad
458 2023 566 2084 locum
598 2036 629 2083 et
658 2021 832 2083 terminum
863 2021 955 2082 vobis
978 2041 1036 2104 per
1060 2021 1199 2084 eundem
1224 2022 1447 2104 prefigendum

179 2127 395 2212 personaliter
425 2127 576 2190 accedere
606 2141 637 2189 et
660 2126 791 2189 insimul
815 2127 998 2206 convenire,
1022 2139 1117 2208 atque
1142 2127 1263 2190 ibidem
1288 2129 1328 2190 ad
1352 2127 1448 2190 fidem

179 2249 319 2296 vestram
352 2233 414 2296 deo
446 2234 598 2312 debitam,
621 2233 874 2314 fidelitatemque
905 2233 1000 2294 nobis
1031 2245 1062 2294 et
1090 2253 1176 2295 sacre
1200 2252 1318 2297 corone
1343 2249 1448 2296 nostre

179 2340 430 2420 observandam,
462 2351 547 2402 tacto
582 2339 742 2403 dominice
778 2339 880 2400 crucis
914 2339 1007 2420 signo
1043 2339 1257 2420 prestandum,
1288 2353 1383 2422 prout
1418 2355 1449 2402 et

181 2445 462 2528 quemadmodum
493 2465 549 2529 per
577 2447 682 2528 ipsum
705 2445 894 2526 magistrum
917 2443 1197 2525 prothonotarium
1222 2465 1315 2507 causa
1340 2460 1371 2508 et
1394 2467 1449 2509 ne·

179 2554 278 2634 gocio
316 2552 348 2614 in
384 2553 540 2634 premisso
575 2552 703 2614 racione
737 2550 813 2612 dicti
849 2549 909 2612 lori
944 2563 975 2611 et
1010 2551 1078 2611 eius
1113 2569 1216 2630 cursu,
1248 2551 1449 2634 aliarumque

181 2659 441 2721 differenciarum
473 2658 554 2720 inter
586 2669 690 2739 partes
720 2657 804 2738 ipsas
837 2655 1019 2717 habitarum
1052 2653 1174 2716 fueritis
1203 2657 1385 2736 examinati,
1417 2673 1448 2720 et

182 2765 288 2846 qualis
312 2765 406 2826 vobis
430 2775 461 2826 et
485 2763 659 2844 unicuique
684 2775 824 2825 vestrum
848 2763 881 2822 in
905 2760 966 2822 biis
989 2773 1113 2822 constat
1136 2761 1293 2824 certitudo
1311 2764 1451 2826 veritatis

182 2891 241 2933 suo
271 2869 372 2933 modo
408 2869 510 2949 fateri,
545 2869 716 2950 dicereque
751 2881 782 2930 et
815 2867 947 2930 recitare
982 2865 1088 2928 modis
1120 2867 1272 2930 omnibus
1308 2867 1451 2932 debeatis

183 2991 213 3040 et
243 2976 432 3039 teneamini.
457 2976 521 3040 Ubi
545 2989 652 3038 autem
677 2994 733 3036 vos
757 2974 808 3036 vel
832 2973 911 3036 alter
934 2983 1075 3034 vestrum
1100 2990 1168 3034 sese
1192 2973 1225 3034 in
1248 2975 1410 3055 premissis
1434 2997 1451 3038 a

183 3083 385 3167 perhibendo
416 3083 600 3145 testimonio
632 3080 756 3142 veritati
781 3078 1013 3157 abstraheretis,
1038 3091 1152 3139 extunc
1177 3080 1397 3142 commisimus
1421 3093 1452 3143 et

183 3191 386 3272 presentibus
417 3189 555 3252 strictius
587 3187 818 3250 committimus
850 3186 1006 3248 vicebano
1039 3197 1069 3246 et
1100 3184 1260 3266 judicibus
1291 3187 1450 3249 nobilium

185 3297 259 3359 dicti
285 3297 457 3358 comitatus
479 3294 706 3377 zagrabiensis,
723 3308 757 3354 ut
781 3292 840 3374 ipsi
865 3311 922 3352 vos
946 3304 977 3352 et
1002 3290 1180 3372 quemlibet
1203 3305 1341 3354 vestrum
1362 3293 1402 3354 ad
1421 3293 1453 3354 id

185 3401 369 3466 iaciendum
393 3422 449 3486 per
473 3421 570 3464 onera
594 3415 625 3462 et
647 3399 832 3482 gravamina
857 3398 889 3458 in
913 3397 1056 3479 generali
1081 3397 1210 3460 decreto
1235 3411 1343 3460 nostro
1360 3419 1452 3482 supe·

185 3510 275 3571 rinde
301 3521 479 3591 expressata
503 3522 534 3570 et
556 3505 735 3590 specificata
757 3505 860 3565 arcius
877 3502 1072 3585 compellant
1089 3516 1120 3564 et
1135 3503 1321 3585 astringant,
1337 3518 1449 3567 aucto·

184 3617 275 3678 ritate
297 3629 403 3677 nostra
428 3614 514 3695 regia
536 3613 735 3696 presentibus
755 3611 831 3693 ipsis
856 3611 887 3671 in
912 3609 970 3670 hac
995 3621 1083 3690 parte
1109 3628 1258 3671 concessa
1278 3611 1450 3676 mediante.

186 3721 286 3784 Secus
310 3721 406 3802 igitur
429 3720 516 3783 nulla
542 3720 669 3782 racione
698 3717 800 3779 facere
817 3715 1051 3799 presummatis.
1070 3709 1273 3777 Presentibus
1289 3717 1446 3798 perlectis,

186 3826 351 3890 exhibenti
375 3827 536 3890 restitutis.
562 3825 681 3888 Datum
704 3825 736 3886 in
761 3843 831 3886 arce
848 3822 1000 3884 Nitriensi
1019 3819 1148 3884 infesto
1166 3821 1339 3884 nativitatis
1357 3823 1447 3884 beate

186 3934 287 3998 Marie
312 3933 456 4016 virginis.
480 3937 576 3994 Anno
601 3931 724 3994 domini
748 3929 921 3992 millesimo
946 3928 1204 4011 quingentesimo
1228 3928 1364 3990 decimo.

293 4057 428 4122 Originale
448 4057 474 4108 in
493 4056 590 4108 charta.
610 4055 637 4106 ln
658 4054 755 4106 archiv.
775 4067 833 4104 ven.
854 4051 939 4116 Capit.
959 4051 1065 4116 zagtab.
1083 4050 1140 4104 Act.
1154 4054 1205 4104 ant.
1219 4050 1283 4102 lasc.
1300 4053 1338 4104 10.
1352 4065 1390 4105 nr.
1404 4052 1444 4102 71.

790 4319 846 4386 81.

292 4447 367 4499 Anno
389 4446 466 4512 1510,
489 4447 529 4497 14.
549 4442 717 4510 septenbris.
740 4442 850 4494 Nitriae.

195 4578 371 4646 Vladislaus,
393 4575 571 4648 Hungariae
600 4579 650 4633 etc.
676 4591 740 4642 rex,
771 4569 969 4630 emunitati
995 4565 1126 4626 civitatis
1154 4565 1257 4622 montis
1288 4561 1450 4635 Grecensis,

187 4704 260 4760 quae
290 4684 419 4758 capitulo
449 4681 601 4754 denegavit
623 4680 735 4754 forum,
754 4677 904 4751 praecipit,
929 4681 963 4731 ut
991 4674 1035 4730 die
1057 4673 1210 4729 constituta
1233 4671 1309 4726 litem
1332 4668 1451 4741 instrat.

292 4803 493 4866 Wladislaus
516 4802 567 4864 dei
590 4801 697 4882 gracia
721 4819 774 4861 rex
792 4796 957 4878 Hungarie
982 4806 1012 4856 et
1035 4792 1187 4855 Bohemie
1213 4803 1271 4851 etc.
1290 4787 1454 4850 Fidelibus

189 4913 304 4975 nostris
328 4909 539 4992 prudentibus
562 4919 592 4968 et
616 4905 851 4988 circumspectis
873 4901 971 4985 judici
995 4913 1025 4962 et
1045 4899 1156 4982 juratis
1176 4897 1299 4959 civibus
1319 4894 1454 4956 civitatis

184 5031 294 5082 nostre
319 5017 439 5079 montis
456 5014 635 5093 Grecensis,
652 5013 786 5074 salutem
811 5024 841 5072 et
864 5008 1015 5090 graciam.
1040 5007 1163 5066 Rursus
1187 5003 1291 5064 delate
1316 5013 1388 5061 sunt
1413 4998 1452 5059 ad
