<?xml version="1.0" encoding="UTF-8"?>
<!DOCTYPE html PUBLIC "-//W3C//DTD XHTML 1.0 Transitional//EN"
    "http://www.w3.org/TR/xhtml1/DTD/xhtml1-transitional.dtd">
<html xmlns="http://www.w3.org/1999/xhtml" xml:lang="en" lang="en">
 <head>
  <title>
</title>
<meta http-equiv="Content-Type" content="text/html;charset=utf-8" />
  <meta name='ocr-system' content='tesseract 3.04.00' />
  <meta name='ocr-capabilities' content='ocr_page ocr_carea ocr_par ocr_line ocrx_word'/>
</head>
<body>
  <div class='ocr_page' id='page_1' title='image "./monumentahistor16laszgoog_0149.png"; bbox 0 0 3752 5806; ppageno 0'>
   <div class='ocr_carea' id='block_1_1' title="bbox 622 584 1459 668">
    <p class='ocr_par' dir='ltr' id='par_1_1' title="bbox 622 584 1459 668">
     <span class='ocr_line' id='line_1_1' title="bbox 622 584 1459 668; baseline 0.008 -27"><span class='ocrx_word' id='word_1_1' title='bbox 622 584 695 645; x_wconf 79' lang='lat' dir='ltr'>Dae.</span> <span class='ocrx_word' id='word_1_2' title='bbox 720 597 767 642; x_wconf 87' lang='lat' dir='ltr'>ro.</span> <span class='ocrx_word' id='word_1_3' title='bbox 792 617 834 628; x_wconf 95' lang='lat'><em>-</em></span> <span class='ocrx_word' id='word_1_4' title='bbox 858 585 906 644; x_wconf 81' lang='lat' dir='ltr'>An</span> <span class='ocrx_word' id='word_1_5' title='bbox 934 595 1021 660; x_wconf 85' lang='lat'><em>1501.</em></span> <span class='ocrx_word' id='word_1_6' title='bbox 1425 607 1459 668; x_wconf 82' lang='lat'>¹3</span> 
     </span>
    </p>
   </div>
   <div class='ocr_carea' id='block_1_2' title="bbox 193 807 1464 2562">
    <p class='ocr_par' dir='ltr' id='par_1_2' title="bbox 193 807 1464 2378">
     <span class='ocr_line' id='line_1_2' title="bbox 194 807 1460 891; baseline 0.005 -23"><span class='ocrx_word' id='word_1_7' title='bbox 194 821 223 870; x_wconf 90' lang='lat' dir='ltr'>et</span> <span class='ocrx_word' id='word_1_8' title='bbox 244 809 464 891; x_wconf 82' lang='lat' dir='ltr'>corruptelam</span> <span class='ocrx_word' id='word_1_9' title='bbox 490 809 522 870; x_wconf 89' lang='lat' dir='ltr'>in</span> <span class='ocrx_word' id='word_1_10' title='bbox 538 807 622 870; x_wconf 87' lang='lat' dir='ltr'>dicta</span> <span class='ocrx_word' id='word_1_11' title='bbox 638 809 765 870; x_wconf 88' lang='lat' dir='ltr'>civitate</span> <span class='ocrx_word' id='word_1_12' title='bbox 782 809 987 872; x_wconf 89' lang='lat' dir='ltr'>commissam</span> <span class='ocrx_word' id='word_1_13' title='bbox 1004 829 1070 872; x_wconf 91' lang='lat' dir='ltr'>non</span> <span class='ocrx_word' id='word_1_14' title='bbox 1086 823 1211 874; x_wconf 86' lang='lat' dir='ltr'>tantum</span> <span class='ocrx_word' id='word_1_15' title='bbox 1228 811 1460 875; x_wconf 85' lang='lat' dir='ltr'>domunculam</span> 
     </span>
     <span class='ocr_line' id='line_1_3' title="bbox 194 915 1463 998; baseline 0.004 -23"><span class='ocrx_word' id='word_1_16' title='bbox 194 915 294 993; x_wconf 91' lang='lat' dir='ltr'>illam,</span> <span class='ocrx_word' id='word_1_17' title='bbox 327 934 444 977; x_wconf 90' lang='lat' dir='ltr'>verum</span> <span class='ocrx_word' id='word_1_18' title='bbox 475 927 506 976; x_wconf 89' lang='lat' dir='ltr'>et</span> <span class='ocrx_word' id='word_1_19' title='bbox 538 927 638 976; x_wconf 85' lang='lat' dir='ltr'>totam</span> <span class='ocrx_word' id='word_1_20' title='bbox 670 915 817 994; x_wconf 90' lang='lat' dir='ltr'>domum,</span> <span class='ocrx_word' id='word_1_21' title='bbox 848 915 904 977; x_wconf 94' lang='lat' dir='ltr'>ubi</span> <span class='ocrx_word' id='word_1_22' title='bbox 937 915 1050 978; x_wconf 82' lang='lat' dir='ltr'>eadem</span> <span class='ocrx_word' id='word_1_23' title='bbox 1082 916 1279 980; x_wconf 83' lang='lat' dir='ltr'>domuncula</span> <span class='ocrx_word' id='word_1_24' title='bbox 1311 917 1370 982; x_wconf 84' lang='lat' dir='ltr'>sita</span> <span class='ocrx_word' id='word_1_25' title='bbox 1406 931 1463 998; x_wconf 89' lang='lat' dir='ltr'>est,</span> 
     </span>
     <span class='ocr_line' id='line_1_4' title="bbox 193 1019 1463 1103; baseline 0.005 -23"><span class='ocrx_word' id='word_1_26' title='bbox 193 1020 345 1100; x_wconf 90' lang='lat' dir='ltr'>amiserit,</span> <span class='ocrx_word' id='word_1_27' title='bbox 378 1020 544 1082; x_wconf 86' lang='lat' dir='ltr'>nullamve</span> <span class='ocrx_word' id='word_1_28' title='bbox 576 1019 830 1102; x_wconf 88' lang='lat' dir='ltr'>jurisdictionem</span> <span class='ocrx_word' id='word_1_29' title='bbox 860 1039 918 1103; x_wconf 92' lang='lat' dir='ltr'>per</span> <span class='ocrx_word' id='word_1_30' title='bbox 950 1033 1053 1084; x_wconf 90' lang='lat' dir='ltr'>certos</span> <span class='ocrx_word' id='word_1_31' title='bbox 1083 1035 1258 1084; x_wconf 86' lang='lat' dir='ltr'>transactos</span> <span class='ocrx_word' id='word_1_32' title='bbox 1289 1043 1392 1086; x_wconf 88' lang='lat' dir='ltr'>annos</span> <span class='ocrx_word' id='word_1_33' title='bbox 1429 1024 1463 1086; x_wconf 93' lang='lat' dir='ltr'>in</span> 
     </span>
     <span class='ocr_line' id='line_1_5' title="bbox 194 1126 1462 1212; baseline 0.005 -26"><span class='ocrx_word' id='word_1_34' title='bbox 194 1127 310 1190; x_wconf 91' lang='lat' dir='ltr'>eadem</span> <span class='ocrx_word' id='word_1_35' title='bbox 332 1126 492 1206; x_wconf 91' lang='lat' dir='ltr'>babuerit,</span> <span class='ocrx_word' id='word_1_36' title='bbox 516 1126 571 1188; x_wconf 91' lang='lat' dir='ltr'>sed</span> <span class='ocrx_word' id='word_1_37' title='bbox 595 1127 629 1188; x_wconf 94' lang='lat' dir='ltr'>in</span> <span class='ocrx_word' id='word_1_38' title='bbox 652 1146 751 1188; x_wconf 87' lang='lat' dir='ltr'>manu</span> <span class='ocrx_word' id='word_1_39' title='bbox 776 1138 807 1190; x_wconf 93' lang='lat' dir='ltr'>et</span> <span class='ocrx_word' id='word_1_40' title='bbox 829 1139 984 1208; x_wconf 78' lang='lat' dir='ltr'>potestate</span> <span class='ocrx_word' id='word_1_41' title='bbox 1012 1141 1119 1190; x_wconf 89' lang='lat' dir='ltr'>nostra</span> <span class='ocrx_word' id='word_1_42' title='bbox 1144 1127 1249 1210; x_wconf 86' lang='lat' dir='ltr'>luerit,</span> <span class='ocrx_word' id='word_1_43' title='bbox 1274 1149 1398 1212; x_wconf 89' lang='lat' dir='ltr'>nosque</span> <span class='ocrx_word' id='word_1_44' title='bbox 1422 1129 1462 1192; x_wconf 92' lang='lat' dir='ltr'>de</span> 
     </span>
     <span class='ocr_line' id='line_1_6' title="bbox 194 1231 1463 1318; baseline 0.005 -26"><span class='ocrx_word' id='word_1_45' title='bbox 194 1233 312 1294; x_wconf 87' lang='lat' dir='ltr'>nostris</span> <span class='ocrx_word' id='word_1_46' title='bbox 331 1233 481 1294; x_wconf 87' lang='lat' dir='ltr'>manibus</span> <span class='ocrx_word' id='word_1_47' title='bbox 504 1232 590 1294; x_wconf 87' lang='lat' dir='ltr'>dicto</span> <span class='ocrx_word' id='word_1_48' title='bbox 614 1231 752 1294; x_wconf 91' lang='lat' dir='ltr'>condam</span> <span class='ocrx_word' id='word_1_49' title='bbox 776 1232 856 1315; x_wconf 89' lang='lat' dir='ltr'>Elye</span> <span class='ocrx_word' id='word_1_50' title='bbox 888 1231 1089 1310; x_wconf 89' lang='lat' dir='ltr'>dederimus;</span> <span class='ocrx_word' id='word_1_51' title='bbox 1113 1233 1210 1316; x_wconf 91' lang='lat' dir='ltr'>igitur</span> <span class='ocrx_word' id='word_1_52' title='bbox 1234 1255 1384 1318; x_wconf 82' lang='lat' dir='ltr'>rogamus</span> <span class='ocrx_word' id='word_1_53' title='bbox 1406 1256 1463 1298; x_wconf 89' lang='lat' dir='ltr'>vos</span> 
     </span>
     <span class='ocr_line' id='line_1_7' title="bbox 194 1337 1463 1421; baseline 0.003 -22"><span class='ocrx_word' id='word_1_54' title='bbox 194 1337 310 1400; x_wconf 90' lang='lat' dir='ltr'>barum</span> <span class='ocrx_word' id='word_1_55' title='bbox 333 1339 414 1401; x_wconf 92' lang='lat' dir='ltr'>serie</span> <span class='ocrx_word' id='word_1_56' title='bbox 439 1338 610 1420; x_wconf 81' lang='lat' dir='ltr'>diligenter</span> <span class='ocrx_word' id='word_1_57' title='bbox 638 1351 796 1420; x_wconf 87' lang='lat' dir='ltr'>quatenus</span> <span class='ocrx_word' id='word_1_58' title='bbox 819 1358 837 1399; x_wconf 86' lang='lat' dir='ltr'>a</span> <span class='ocrx_word' id='word_1_59' title='bbox 861 1339 1091 1421; x_wconf 76' lang='lat' dir='ltr'>prosecutione</span> <span class='ocrx_word' id='word_1_60' title='bbox 1123 1339 1206 1401; x_wconf 91' lang='lat' dir='ltr'>dicte</span> <span class='ocrx_word' id='word_1_61' title='bbox 1231 1361 1336 1419; x_wconf 89' lang='lat' dir='ltr'>cause,</span> <span class='ocrx_word' id='word_1_62' title='bbox 1360 1341 1404 1402; x_wconf 89' lang='lat' dir='ltr'>sic</span> <span class='ocrx_word' id='word_1_63' title='bbox 1429 1355 1463 1403; x_wconf 91' lang='lat' dir='ltr'>ut</span> 
     </span>
     <span class='ocr_line' id='line_1_8' title="bbox 193 1444 1464 1529; baseline 0.002 -24"><span class='ocrx_word' id='word_1_64' title='bbox 193 1445 400 1526; x_wconf 89' lang='lat' dir='ltr'>premittitur,</span> <span class='ocrx_word' id='word_1_65' title='bbox 412 1465 471 1528; x_wconf 90' lang='lat' dir='ltr'>per</span> <span class='ocrx_word' id='word_1_66' title='bbox 494 1445 598 1527; x_wconf 90' lang='lat' dir='ltr'>ipsum</span> <span class='ocrx_word' id='word_1_67' title='bbox 615 1444 822 1506; x_wconf 91' lang='lat' dir='ltr'>Dominicum</span> <span class='ocrx_word' id='word_1_68' title='bbox 838 1456 926 1506; x_wconf 90' lang='lat' dir='ltr'>mote</span> <span class='ocrx_word' id='word_1_69' title='bbox 943 1457 975 1508; x_wconf 93' lang='lat' dir='ltr'>et</span> <span class='ocrx_word' id='word_1_70' title='bbox 991 1445 1035 1506; x_wconf 92' lang='lat' dir='ltr'>uti</span> <span class='ocrx_word' id='word_1_71' title='bbox 1050 1465 1088 1508; x_wconf 85' lang='lat' dir='ltr'>ex</span> <span class='ocrx_word' id='word_1_72' title='bbox 1104 1445 1286 1508; x_wconf 89' lang='lat' dir='ltr'>racionibus</span> <span class='ocrx_word' id='word_1_73' title='bbox 1302 1447 1464 1529; x_wconf 88' lang='lat' dir='ltr'>premissis</span> 
     </span>
     <span class='ocr_line' id='line_1_9' title="bbox 195 1551 1462 1636; baseline 0.004 -25"><span class='ocrx_word' id='word_1_74' title='bbox 195 1570 392 1633; x_wconf 81' lang='lat' dir='ltr'>cognoscere</span> <span class='ocrx_word' id='word_1_75' title='bbox 408 1552 553 1635; x_wconf 89' lang='lat' dir='ltr'>poteritis</span> <span class='ocrx_word' id='word_1_76' title='bbox 569 1571 634 1614; x_wconf 92' lang='lat' dir='ltr'>non</span> <span class='ocrx_word' id='word_1_77' title='bbox 652 1563 792 1613; x_wconf 92' lang='lat' dir='ltr'>vestrum</span> <span class='ocrx_word' id='word_1_78' title='bbox 809 1551 1059 1613; x_wconf 82' lang='lat' dir='ltr'>ecclesiasticum</span> <span class='ocrx_word' id='word_1_79' title='bbox 1076 1551 1131 1614; x_wconf 91' lang='lat' dir='ltr'>sed</span> <span class='ocrx_word' id='word_1_80' title='bbox 1148 1553 1290 1616; x_wconf 88' lang='lat' dir='ltr'>seculare</span> <span class='ocrx_word' id='word_1_81' title='bbox 1307 1553 1462 1636; x_wconf 85' lang='lat' dir='ltr'>judicium</span> 
     </span>
     <span class='ocr_line' id='line_1_10' title="bbox 195 1657 1462 1740; baseline 0.004 -23"><span class='ocrx_word' id='word_1_82' title='bbox 195 1659 430 1737; x_wconf 90' lang='lat' dir='ltr'>concementis,</span> <span class='ocrx_word' id='word_1_83' title='bbox 448 1678 567 1720; x_wconf 88' lang='lat' dir='ltr'>cessare</span> <span class='ocrx_word' id='word_1_84' title='bbox 585 1677 691 1740; x_wconf 89' lang='lat' dir='ltr'>neque</span> <span class='ocrx_word' id='word_1_85' title='bbox 707 1677 765 1721; x_wconf 94' lang='lat' dir='ltr'>vos</span> <span class='ocrx_word' id='word_1_86' title='bbox 781 1657 992 1722; x_wconf 86' lang='lat' dir='ltr'>intromittere</span> <span class='ocrx_word' id='word_1_87' title='bbox 1009 1658 1049 1720; x_wconf 92' lang='lat' dir='ltr'>ad</span> <span class='ocrx_word' id='word_1_88' title='bbox 1074 1678 1121 1738; x_wconf 86' lang='lat' dir='ltr'>ea,</span> <span class='ocrx_word' id='word_1_89' title='bbox 1134 1677 1196 1739; x_wconf 91' lang='lat' dir='ltr'>que</span> <span class='ocrx_word' id='word_1_90' title='bbox 1221 1672 1367 1722; x_wconf 90' lang='lat' dir='ltr'>nostrum</span> <span class='ocrx_word' id='word_1_91' title='bbox 1387 1681 1462 1722; x_wconf 92' lang='lat' dir='ltr'>con·</span> 
     </span>
     <span class='ocr_line' id='line_1_11' title="bbox 193 1763 1463 1846; baseline 0.004 -22"><span class='ocrx_word' id='word_1_92' title='bbox 193 1777 330 1826; x_wconf 89' lang='lat' dir='ltr'>cernunt</span> <span class='ocrx_word' id='word_1_93' title='bbox 346 1763 500 1844; x_wconf 86' lang='lat' dir='ltr'>officium,</span> <span class='ocrx_word' id='word_1_94' title='bbox 518 1765 639 1842; x_wconf 89' lang='lat' dir='ltr'>velitis;</span> <span class='ocrx_word' id='word_1_95' title='bbox 663 1765 689 1826; x_wconf 91' lang='lat' dir='ltr'>si</span> <span class='ocrx_word' id='word_1_96' title='bbox 714 1764 801 1826; x_wconf 92' lang='lat' dir='ltr'>enim</span> <span class='ocrx_word' id='word_1_97' title='bbox 819 1765 988 1846; x_wconf 91' lang='lat' dir='ltr'>quitquam</span> <span class='ocrx_word' id='word_1_98' title='bbox 1001 1765 1140 1827; x_wconf 76' lang='lat' dir='ltr'>accionis</span> <span class='ocrx_word' id='word_1_99' title='bbox 1156 1763 1260 1826; x_wconf 91' lang='lat' dir='ltr'>dictus</span> <span class='ocrx_word' id='word_1_100' title='bbox 1273 1766 1463 1829; x_wconf 89' lang='lat' dir='ltr'>Dominicus</span> 
     </span>
     <span class='ocr_line' id='line_1_12' title="bbox 193 1869 1463 1954; baseline 0.002 -23"><span class='ocrx_word' id='word_1_101' title='bbox 193 1885 305 1933; x_wconf 90' lang='lat' dir='ltr'>contra</span> <span class='ocrx_word' id='word_1_102' title='bbox 329 1870 470 1954; x_wconf 89' lang='lat' dir='ltr'>prelatos</span> <span class='ocrx_word' id='word_1_103' title='bbox 493 1873 525 1933; x_wconf 87' lang='lat' dir='ltr'>in</span> <span class='ocrx_word' id='word_1_104' title='bbox 550 1891 678 1934; x_wconf 86' lang='lat' dir='ltr'>causam</span> <span class='ocrx_word' id='word_1_105' title='bbox 701 1884 850 1934; x_wconf 86' lang='lat' dir='ltr'>attractos</span> <span class='ocrx_word' id='word_1_106' title='bbox 873 1889 906 1932; x_wconf 89' lang='lat' dir='ltr'>se</span> <span class='ocrx_word' id='word_1_107' title='bbox 930 1869 1047 1932; x_wconf 89' lang='lat' dir='ltr'>habere</span> <span class='ocrx_word' id='word_1_108' title='bbox 1070 1883 1184 1952; x_wconf 88' lang='lat' dir='ltr'>sperat,</span> <span class='ocrx_word' id='word_1_109' title='bbox 1200 1870 1233 1932; x_wconf 91' lang='lat' dir='ltr'>id</span> <span class='ocrx_word' id='word_1_110' title='bbox 1250 1871 1282 1932; x_wconf 91' lang='lat' dir='ltr'>in</span> <span class='ocrx_word' id='word_1_111' title='bbox 1299 1873 1463 1954; x_wconf 76' lang='lat' dir='ltr'>presencia</span> 
     </span>
     <span class='ocr_line' id='line_1_13' title="bbox 193 1976 1462 2058; baseline 0.002 -20"><span class='ocrx_word' id='word_1_112' title='bbox 193 1977 309 2058; x_wconf 85' lang='lat' dir='ltr'>judicis</span> <span class='ocrx_word' id='word_1_113' title='bbox 331 1991 363 2039; x_wconf 92' lang='lat' dir='ltr'>et</span> <span class='ocrx_word' id='word_1_114' title='bbox 386 1977 564 2058; x_wconf 90' lang='lat' dir='ltr'>juratorum</span> <span class='ocrx_word' id='word_1_115' title='bbox 586 1977 705 2040; x_wconf 88' lang='lat' dir='ltr'>civium</span> <span class='ocrx_word' id='word_1_116' title='bbox 730 1978 813 2040; x_wconf 92' lang='lat' dir='ltr'>dicte</span> <span class='ocrx_word' id='word_1_117' title='bbox 844 1977 980 2039; x_wconf 91' lang='lat' dir='ltr'>civitatis</span> <span class='ocrx_word' id='word_1_118' title='bbox 1011 1988 1116 2038; x_wconf 88' lang='lat' dir='ltr'>nostre</span> <span class='ocrx_word' id='word_1_119' title='bbox 1149 1976 1298 2058; x_wconf 89' lang='lat' dir='ltr'>requirat,</span> <span class='ocrx_word' id='word_1_120' title='bbox 1322 1977 1377 2040; x_wconf 93' lang='lat' dir='ltr'>ubi</span> <span class='ocrx_word' id='word_1_121' title='bbox 1401 1978 1462 2040; x_wconf 93' lang='lat' dir='ltr'>sibi</span> 
     </span>
     <span class='ocr_line' id='line_1_14' title="bbox 193 2081 1462 2167; baseline 0.002 -23"><span class='ocrx_word' id='word_1_122' title='bbox 193 2081 319 2164; x_wconf 89' lang='lat' dir='ltr'>justicia</span> <span class='ocrx_word' id='word_1_123' title='bbox 342 2103 408 2146; x_wconf 90' lang='lat' dir='ltr'>non</span> <span class='ocrx_word' id='word_1_124' title='bbox 434 2084 543 2148; x_wconf 88' lang='lat' dir='ltr'>deerit.</span> <span class='ocrx_word' id='word_1_125' title='bbox 568 2084 773 2148; x_wconf 89' lang='lat' dir='ltr'>Presentibus</span> <span class='ocrx_word' id='word_1_126' title='bbox 795 2084 953 2167; x_wconf 85' lang='lat' dir='ltr'>perlectis,</span> <span class='ocrx_word' id='word_1_127' title='bbox 977 2082 1139 2145; x_wconf 88' lang='lat' dir='ltr'>exhibenti</span> <span class='ocrx_word' id='word_1_128' title='bbox 1164 2083 1325 2146; x_wconf 87' lang='lat' dir='ltr'>restitutis.</span> <span class='ocrx_word' id='word_1_129' title='bbox 1343 2083 1462 2146; x_wconf 89' lang='lat' dir='ltr'>Datum</span> 
     </span>
     <span class='ocr_line' id='line_1_15' title="bbox 193 2189 1460 2274; baseline 0.002 -24"><span class='ocrx_word' id='word_1_130' title='bbox 193 2189 380 2252; x_wconf 86' lang='lat' dir='ltr'>Warasdini</span> <span class='ocrx_word' id='word_1_131' title='bbox 413 2190 446 2252; x_wconf 93' lang='lat' dir='ltr'>in</span> <span class='ocrx_word' id='word_1_132' title='bbox 478 2189 559 2254; x_wconf 88' lang='lat' dir='ltr'>festo</span> <span class='ocrx_word' id='word_1_133' title='bbox 588 2191 673 2254; x_wconf 86' lang='lat' dir='ltr'>beati</span> <span class='ocrx_word' id='word_1_134' title='bbox 704 2190 787 2272; x_wconf 88' lang='lat' dir='ltr'>regis</span> <span class='ocrx_word' id='word_1_135' title='bbox 820 2190 985 2274; x_wconf 88' lang='lat' dir='ltr'>Stephani.</span> <span class='ocrx_word' id='word_1_136' title='bbox 1008 2194 1105 2252; x_wconf 87' lang='lat' dir='ltr'>Anno</span> <span class='ocrx_word' id='word_1_137' title='bbox 1139 2189 1263 2252; x_wconf 91' lang='lat' dir='ltr'>domini</span> <span class='ocrx_word' id='word_1_138' title='bbox 1288 2189 1460 2252; x_wconf 88' lang='lat' dir='ltr'>millesimo</span> 
     </span>
     <span class='ocr_line' id='line_1_16' title="bbox 193 2297 595 2378; baseline 0.01 -22"><span class='ocrx_word' id='word_1_139' title='bbox 193 2297 456 2377; x_wconf 88' lang='lat' dir='ltr'>quingentesimo</span> <span class='ocrx_word' id='word_1_140' title='bbox 478 2297 595 2378; x_wconf 90' lang='lat' dir='ltr'>primo.</span> 
     </span>
    </p>

    <p class='ocr_par' dir='ltr' id='par_1_3' title="bbox 193 2416 1459 2562">
     <span class='ocr_line' id='line_1_17' title="bbox 300 2416 1459 2486; baseline 0.001 -15"><span class='ocrx_word' id='word_1_141' title='bbox 300 2419 442 2486; x_wconf 82' lang='lat' dir='ltr'>originale</span> <span class='ocrx_word' id='word_1_142' title='bbox 461 2420 486 2472; x_wconf 94' lang='lat' dir='ltr'>in</span> <span class='ocrx_word' id='word_1_143' title='bbox 506 2423 605 2474; x_wconf 80' lang='lat' dir='ltr'>charta.</span> <span class='ocrx_word' id='word_1_144' title='bbox 618 2421 645 2472; x_wconf 94' lang='lat' dir='ltr'>ln</span> <span class='ocrx_word' id='word_1_145' title='bbox 664 2421 783 2486; x_wconf 80' lang='lat' dir='ltr'>margine</span> <span class='ocrx_word' id='word_1_146' title='bbox 801 2419 922 2472; x_wconf 83' lang='lat' dir='ltr'>inferiori</span> <span class='ocrx_word' id='word_1_147' title='bbox 940 2420 1097 2485; x_wconf 87' lang='lat' dir='ltr'>impressum</span> <span class='ocrx_word' id='word_1_148' title='bbox 1117 2423 1160 2472; x_wconf 80' lang='lat' dir='ltr'>esi</span> <span class='ocrx_word' id='word_1_149' title='bbox 1179 2416 1341 2484; x_wconf 77' lang='lat' dir='ltr'>sigillonln</span> <span class='ocrx_word' id='word_1_150' title='bbox 1361 2419 1459 2472; x_wconf 86' lang='lat' dir='ltr'>archiv.</span> 
     </span>
     <span class='ocr_line' id='line_1_18' title="bbox 193 2507 731 2562; baseline 0 -2"><span class='ocrx_word' id='word_1_151' title='bbox 193 2511 254 2560; x_wconf 92' lang='lat' dir='ltr'>incl.</span> <span class='ocrx_word' id='word_1_152' title='bbox 276 2509 376 2561; x_wconf 84' lang='lat' dir='ltr'>Accad.</span> <span class='ocrx_word' id='word_1_153' title='bbox 398 2507 489 2561; x_wconf 89' lang='lat' dir='ltr'>Scient</span> <span class='ocrx_word' id='word_1_154' title='bbox 518 2507 620 2562; x_wconf 88' lang='lat' dir='ltr'>Slavor.</span> <span class='ocrx_word' id='word_1_155' title='bbox 641 2509 731 2560; x_wconf 89' lang='lat' dir='ltr'>merid.</span> 
     </span>
    </p>
   </div>
   <div class='ocr_carea' id='block_1_3' title="bbox 799 2737 858 2803">
    <p class='ocr_par' dir='ltr' id='par_1_4' title="bbox 799 2737 858 2803">
     <span class='ocr_line' id='line_1_19' title="bbox 799 2737 858 2803; baseline -0.034 0"><span class='ocrx_word' id='word_1_156' title='bbox 799 2737 858 2803; x_wconf 89' lang='lat' dir='ltr'>to.</span> 
     </span>
    </p>
   </div>
   <div class='ocr_carea' id='block_1_4' title="bbox 263 2883 809 2962">
    <p class='ocr_par' dir='ltr' id='par_1_5' title="bbox 263 2883 809 2962">
     <span class='ocr_line' id='line_1_20' title="bbox 263 2883 809 2962; baseline 0 -14"><span class='ocrx_word' id='word_1_157' title='bbox 263 2899 339 2949; x_wconf 78' lang='lat' dir='ltr'>Anno</span> <span class='ocrx_word' id='word_1_158' title='bbox 363 2897 438 2962; x_wconf 86' lang='lat'>1501,</span> <span class='ocrx_word' id='word_1_159' title='bbox 459 2898 483 2948; x_wconf 87' lang='grc'>8.</span> <span class='ocrx_word' id='word_1_160' title='bbox 497 2894 667 2962; x_wconf 85' lang='lat' dir='ltr'>septembris.</span> <span class='ocrx_word' id='word_1_161' title='bbox 688 2883 809 2948; x_wconf 70' lang='lat' dir='ltr'>dasmae.</span> 
     </span>
    </p>
   </div>
   <div class='ocr_carea' id='block_1_5' title="bbox 193 3022 1463 3205">
    <p class='ocr_par' dir='ltr' id='par_1_6' title="bbox 193 3022 1463 3205">
     <span class='ocr_line' id='line_1_21' title="bbox 193 3022 1463 3100; baseline -0.002 -16"><span class='ocrx_word' id='word_1_162' title='bbox 193 3027 299 3100; x_wconf 82' lang='lat' dir='ltr'>Lucas,</span> <span class='ocrx_word' id='word_1_163' title='bbox 322 3027 470 3100; x_wconf 64' lang='lat' dir='ltr'>episopus</span> <span class='ocrx_word' id='word_1_164' title='bbox 492 3023 696 3099; x_wconf 81' lang='lat' dir='ltr'>sograbiensis.</span> <span class='ocrx_word' id='word_1_165' title='bbox 714 3031 873 3096; x_wconf 75' lang='lat' dir='ltr'>proventus</span> <span class='ocrx_word' id='word_1_166' title='bbox 892 3023 1057 3098; x_wconf 77' lang='lat' dir='ltr'>praepositi</span> <span class='ocrx_word' id='word_1_167' title='bbox 1077 3022 1274 3095; x_wconf 77' lang='lat' dir='ltr'>sagrabr&#39;cnsis</span> <span class='ocrx_word' id='word_1_168' title='bbox 1295 3041 1315 3080; x_wconf 83' lang='lat' dir='ltr'>a</span> <span class='ocrx_word' id='word_1_169' title='bbox 1337 3025 1463 3098; x_wconf 64' lang='lat' dir='ltr'>capitulo</span> 
     </span>
     <span class='ocr_line' id='line_1_22' title="bbox 404 3129 1244 3205; baseline 0.002 -17"><span class='ocrx_word' id='word_1_170' title='bbox 404 3131 521 3204; x_wconf 83' lang='lat' dir='ltr'>sagrah.</span> <span class='ocrx_word' id='word_1_171' title='bbox 545 3137 734 3205; x_wconf 79' lang='lat' dir='ltr'>sequestratos</span> <span class='ocrx_word' id='word_1_172' title='bbox 756 3131 901 3188; x_wconf 70' lang='lat' dir='ltr'>constituit</span> <span class='ocrx_word' id='word_1_173' title='bbox 921 3131 951 3188; x_wconf 85' lang='lat' dir='ltr'>ei</span> <span class='ocrx_word' id='word_1_174' title='bbox 971 3147 1029 3188; x_wconf 84' lang='lat' dir='ltr'>esse</span> <span class='ocrx_word' id='word_1_175' title='bbox 1050 3129 1244 3190; x_wconf 79' lang='lat' dir='ltr'>restituendos.</span> 
     </span>
    </p>
   </div>
   <div class='ocr_carea' id='block_1_6' title="bbox 193 3247 1478 4914">
    <p class='ocr_par' dir='ltr' id='par_1_7' title="bbox 193 3247 1478 4914">
     <span class='ocr_line' id='line_1_23' title="bbox 298 3247 1461 3332; baseline -0.003 -16"><span class='ocrx_word' id='word_1_176' title='bbox 298 3251 510 3316; x_wconf 89' lang='lat' dir='ltr'>Venerabiles</span> <span class='ocrx_word' id='word_1_177' title='bbox 525 3251 661 3329; x_wconf 89' lang='lat' dir='ltr'>domini,</span> <span class='ocrx_word' id='word_1_178' title='bbox 675 3249 785 3312; x_wconf 86' lang='lat' dir='ltr'>fratres</span> <span class='ocrx_word' id='word_1_179' title='bbox 801 3249 900 3312; x_wconf 86' lang='lat' dir='ltr'>nostri</span> <span class='ocrx_word' id='word_1_180' title='bbox 911 3247 1082 3311; x_wconf 85' lang='lat' dir='ltr'>carissimi!</span> <span class='ocrx_word' id='word_1_181' title='bbox 1097 3247 1254 3323; x_wconf 88' lang='lat' dir='ltr'>Quamvis</span> <span class='ocrx_word' id='word_1_182' title='bbox 1262 3249 1330 3312; x_wconf 89' lang='lat' dir='ltr'>Nos</span> <span class='ocrx_word' id='word_1_183' title='bbox 1340 3250 1461 3332; x_wconf 91' lang='lat' dir='ltr'>superi-</span> 
     </span>
     <span class='ocr_line' id='line_1_24' title="bbox 194 3355 1461 3440; baseline -0.003 -18"><span class='ocrx_word' id='word_1_184' title='bbox 194 3361 303 3422; x_wconf 91' lang='lat' dir='ltr'>oribus</span> <span class='ocrx_word' id='word_1_185' title='bbox 327 3359 443 3421; x_wconf 89' lang='lat' dir='ltr'>diebus</span> <span class='ocrx_word' id='word_1_186' title='bbox 458 3358 550 3420; x_wconf 87' lang='lat' dir='ltr'>vobis</span> <span class='ocrx_word' id='word_1_187' title='bbox 566 3357 794 3440; x_wconf 82' lang='lat' dir='ltr'>scripserimus,</span> <span class='ocrx_word' id='word_1_188' title='bbox 811 3355 1146 3436; x_wconf 88' lang='lat' dir='ltr'>mandaverimusque,</span> <span class='ocrx_word' id='word_1_189' title='bbox 1162 3369 1197 3417; x_wconf 93' lang='lat' dir='ltr'>ut</span> <span class='ocrx_word' id='word_1_190' title='bbox 1214 3369 1387 3437; x_wconf 91' lang='lat' dir='ltr'>proventus</span> <span class='ocrx_word' id='word_1_191' title='bbox 1403 3356 1461 3418; x_wconf 93' lang='lat' dir='ltr'>do·</span> 
     </span>
     <span class='ocr_line' id='line_1_25' title="bbox 193 3460 1461 3548; baseline -0.004 -21"><span class='ocrx_word' id='word_1_192' title='bbox 193 3465 271 3528; x_wconf 92' lang='lat' dir='ltr'>mini</span> <span class='ocrx_word' id='word_1_193' title='bbox 287 3464 443 3548; x_wconf 88' lang='lat' dir='ltr'>prepositi</span> <span class='ocrx_word' id='word_1_194' title='bbox 457 3463 552 3526; x_wconf 89' lang='lat' dir='ltr'>vestri</span> <span class='ocrx_word' id='word_1_195' title='bbox 569 3463 699 3524; x_wconf 86' lang='lat' dir='ltr'>maioris</span> <span class='ocrx_word' id='word_1_196' title='bbox 715 3481 773 3545; x_wconf 92' lang='lat' dir='ltr'>pro</span> <span class='ocrx_word' id='word_1_197' title='bbox 790 3461 870 3524; x_wconf 88' lang='lat' dir='ltr'>festo</span> <span class='ocrx_word' id='word_1_198' title='bbox 884 3461 968 3524; x_wconf 89' lang='lat' dir='ltr'>besti</span> <span class='ocrx_word' id='word_1_199' title='bbox 982 3460 1150 3522; x_wconf 78' lang='lat' dir='ltr'>laurencii</span> <span class='ocrx_word' id='word_1_200' title='bbox 1164 3460 1301 3522; x_wconf 90' lang='lat' dir='ltr'>martiris</span> <span class='ocrx_word' id='word_1_201' title='bbox 1317 3461 1461 3543; x_wconf 82' lang='lat' dir='ltr'>proxime</span> 
     </span>
     <span class='ocr_line' id='line_1_26' title="bbox 194 3567 1462 3653; baseline -0.004 -20"><span class='ocrx_word' id='word_1_202' title='bbox 194 3571 347 3653; x_wconf 90' lang='lat' dir='ltr'>preterito</span> <span class='ocrx_word' id='word_1_203' title='bbox 369 3570 540 3653; x_wconf 89' lang='lat' dir='ltr'>provenire</span> <span class='ocrx_word' id='word_1_204' title='bbox 572 3569 748 3648; x_wconf 91' lang='lat' dir='ltr'>debendos,</span> <span class='ocrx_word' id='word_1_205' title='bbox 773 3569 936 3630; x_wconf 91' lang='lat' dir='ltr'>intervos</span> <span class='ocrx_word' id='word_1_206' title='bbox 968 3579 1098 3650; x_wconf 81' lang='lat' dir='ltr'>propter</span> <span class='ocrx_word' id='word_1_207' title='bbox 1122 3567 1230 3648; x_wconf 90' lang='lat' dir='ltr'>ipsius,</span> <span class='ocrx_word' id='word_1_208' title='bbox 1259 3579 1334 3628; x_wconf 93' lang='lat' dir='ltr'>tunc</span> <span class='ocrx_word' id='word_1_209' title='bbox 1357 3578 1462 3647; x_wconf 91' lang='lat' dir='ltr'>preter</span> 
     </span>
     <span class='ocr_line' id='line_1_27' title="bbox 194 3671 1461 3756; baseline -0.007 -16"><span class='ocrx_word' id='word_1_210' title='bbox 194 3693 337 3740; x_wconf 88' lang='lat' dir='ltr'>nostram</span> <span class='ocrx_word' id='word_1_211' title='bbox 354 3676 532 3755; x_wconf 89' lang='lat' dir='ltr'>licenciam,</span> <span class='ocrx_word' id='word_1_212' title='bbox 544 3688 753 3756; x_wconf 90' lang='lat' dir='ltr'>nostrumque</span> <span class='ocrx_word' id='word_1_213' title='bbox 768 3674 862 3753; x_wconf 90' lang='lat' dir='ltr'>velle,</span> <span class='ocrx_word' id='word_1_214' title='bbox 875 3673 1068 3751; x_wconf 88' lang='lat' dir='ltr'>absenciam,</span> <span class='ocrx_word' id='word_1_215' title='bbox 1081 3671 1277 3750; x_wconf 81' lang='lat' dir='ltr'>divideretis,</span> <span class='ocrx_word' id='word_1_216' title='bbox 1290 3671 1461 3752; x_wconf 89' lang='lat' dir='ltr'>eidemque</span> 
     </span>
     <span class='ocr_line' id='line_1_28' title="bbox 194 3777 1459 3867; baseline -0.009 -19"><span class='ocrx_word' id='word_1_217' title='bbox 194 3797 370 3867; x_wconf 88' lang='lat' dir='ltr'>proventus</span> <span class='ocrx_word' id='word_1_218' title='bbox 393 3783 505 3844; x_wconf 90' lang='lat' dir='ltr'>solitos</span> <span class='ocrx_word' id='word_1_219' title='bbox 526 3781 602 3844; x_wconf 90' lang='lat' dir='ltr'>dare</span> <span class='ocrx_word' id='word_1_220' title='bbox 626 3781 755 3844; x_wconf 90' lang='lat' dir='ltr'>nolletis</span> <span class='ocrx_word' id='word_1_221' title='bbox 778 3779 913 3864; x_wconf 88' lang='lat' dir='ltr'>(con)tra</span> <span class='ocrx_word' id='word_1_222' title='bbox 936 3791 1077 3842; x_wconf 90' lang='lat' dir='ltr'>nostram</span> <span class='ocrx_word' id='word_1_223' title='bbox 1102 3777 1319 3853; x_wconf 82' lang='lat' dir='ltr'>voluntatem3</span> <span class='ocrx_word' id='word_1_224' title='bbox 1351 3789 1459 3839; x_wconf 89' lang='lat' dir='ltr'>tamen</span> 
     </span>
     <span class='ocr_line' id='line_1_29' title="bbox 195 3881 1459 3971; baseline -0.008 -18"><span class='ocrx_word' id='word_1_225' title='bbox 195 3892 269 3971; x_wconf 91' lang='lat' dir='ltr'>quia</span> <span class='ocrx_word' id='word_1_226' title='bbox 301 3891 370 3971; x_wconf 88' lang='lat' dir='ltr'>ipse</span> <span class='ocrx_word' id='word_1_227' title='bbox 402 3888 553 3950; x_wconf 90' lang='lat' dir='ltr'>dominus</span> <span class='ocrx_word' id='word_1_228' title='bbox 586 3888 766 3970; x_wconf 91' lang='lat' dir='ltr'>prepositus</span> <span class='ocrx_word' id='word_1_229' title='bbox 798 3906 884 3948; x_wconf 92' lang='lat' dir='ltr'>nunc</span> <span class='ocrx_word' id='word_1_230' title='bbox 916 3883 957 3947; x_wconf 90' lang='lat' dir='ltr'>ad</span> <span class='ocrx_word' id='word_1_231' title='bbox 988 3904 1048 3946; x_wconf 91' lang='lat' dir='ltr'>nos</span> <span class='ocrx_word' id='word_1_232' title='bbox 1077 3898 1232 3964; x_wconf 87' lang='lat' dir='ltr'>tanquam</span> <span class='ocrx_word' id='word_1_233' title='bbox 1266 3881 1350 3944; x_wconf 84' lang='lat' dir='ltr'>iilius</span> <span class='ocrx_word' id='word_1_234' title='bbox 1385 3902 1459 3945; x_wconf 90' lang='lat' dir='ltr'>vere</span> 
     </span>
     <span class='ocr_line' id='line_1_30' title="bbox 195 3989 1461 4075; baseline -0.007 -16"><span class='ocrx_word' id='word_1_235' title='bbox 195 3998 351 4059; x_wconf 86' lang='lat' dir='ltr'>obediens</span> <span class='ocrx_word' id='word_1_236' title='bbox 374 3994 479 4074; x_wconf 87' lang='lat' dir='ltr'>rediit,</span> <span class='ocrx_word' id='word_1_237' title='bbox 503 4013 626 4075; x_wconf 92' lang='lat' dir='ltr'>nosque</span> <span class='ocrx_word' id='word_1_238' title='bbox 650 4013 709 4075; x_wconf 94' lang='lat' dir='ltr'>pro</span> <span class='ocrx_word' id='word_1_239' title='bbox 732 4011 791 4056; x_wconf 88' lang='lat' dir='ltr'>suo</span> <span class='ocrx_word' id='word_1_240' title='bbox 812 4011 889 4054; x_wconf 91' lang='lat' dir='ltr'>vero</span> <span class='ocrx_word' id='word_1_241' title='bbox 905 4004 1031 4074; x_wconf 91' lang='lat' dir='ltr'>pastore</span> <span class='ocrx_word' id='word_1_242' title='bbox 1048 3989 1213 4052; x_wconf 88' lang='lat' dir='ltr'>humiliter</span> <span class='ocrx_word' id='word_1_243' title='bbox 1230 4007 1461 4069; x_wconf 87' lang='lat' dir='ltr'>recognoscens</span> 
     </span>
     <span class='ocr_line' id='line_1_31' title="bbox 195 4094 1460 4182; baseline -0.006 -20"><span class='ocrx_word' id='word_1_244' title='bbox 195 4147 283 4166; x_wconf 91' lang='grc'><strong>.....</strong></span> <span class='ocrx_word' id='word_1_245' title='bbox 300 4102 334 4164; x_wconf 89' lang='lat' dir='ltr'>in</span> <span class='ocrx_word' id='word_1_246' title='bbox 359 4100 493 4163; x_wconf 86' lang='lat' dir='ltr'>ecclesia</span> <span class='ocrx_word' id='word_1_247' title='bbox 516 4112 624 4162; x_wconf 89' lang='lat' dir='ltr'>nostra</span> <span class='ocrx_word' id='word_1_248' title='bbox 647 4099 784 4162; x_wconf 89' lang='lat' dir='ltr'>residere</span> <span class='ocrx_word' id='word_1_249' title='bbox 808 4117 1010 4182; x_wconf 89' lang='lat' dir='ltr'>proponens;</span> <span class='ocrx_word' id='word_1_250' title='bbox 1034 4096 1108 4158; x_wconf 93' lang='lat' dir='ltr'>ideo</span> <span class='ocrx_word' id='word_1_251' title='bbox 1132 4114 1283 4176; x_wconf 89' lang='lat' dir='ltr'>rogamus</span> <span class='ocrx_word' id='word_1_252' title='bbox 1299 4094 1365 4155; x_wconf 92' lang='lat' dir='ltr'>Vos</span> <span class='ocrx_word' id='word_1_253' title='bbox 1381 4107 1460 4156; x_wconf 89' lang='lat' dir='ltr'>tam-</span> 
     </span>
     <span class='ocr_line' id='line_1_32' title="bbox 195 4199 1372 4290; baseline -0.007 -20"><span class='ocrx_word' id='word_1_254' title='bbox 195 4228 292 4289; x_wconf 90' lang='lat' dir='ltr'>quam</span> <span class='ocrx_word' id='word_1_255' title='bbox 318 4207 430 4269; x_wconf 85' lang='lat' dir='ltr'>fratres</span> <span class='ocrx_word' id='word_1_256' title='bbox 453 4205 591 4290; x_wconf 90' lang='lat' dir='ltr'>(nostros</span> <span class='ocrx_word' id='word_1_257' title='bbox 613 4203 803 4286; x_wconf 91' lang='lat' dir='ltr'>carissimos)</span> <span class='ocrx_word' id='word_1_258' title='bbox 827 4216 985 4286; x_wconf 83' lang='lat' dir='ltr'>quatenus</span> <span class='ocrx_word' id='word_1_259' title='bbox 1007 4199 1170 4263; x_wconf 90' lang='lat' dir='ltr'>huismodi</span> <span class='ocrx_word' id='word_1_260' title='bbox 1197 4211 1460 4282; x_wconf 90' lang='lat' dir='ltr'>proventus</span> 
     </span>
     <span class='ocr_line' id='line_1_33' title="bbox 196 4305 1461 4394; baseline -0.007 -20"><span class='ocrx_word' id='word_1_261' title='bbox 196 4314 306 4376; x_wconf 89' lang='lat' dir='ltr'>vestris</span> <span class='ocrx_word' id='word_1_262' title='bbox 322 4311 440 4394; x_wconf 90' lang='lat' dir='ltr'>paratis</span> <span class='ocrx_word' id='word_1_263' title='bbox 456 4324 487 4373; x_wconf 91' lang='lat' dir='ltr'>et</span> <span class='ocrx_word' id='word_1_264' title='bbox 503 4311 650 4393; x_wconf 89' lang='lat' dir='ltr'>repositis</span> <span class='ocrx_word' id='word_1_265' title='bbox 665 4331 724 4393; x_wconf 94' lang='lat' dir='ltr'>pro</span> <span class='ocrx_word' id='word_1_266' title='bbox 741 4323 825 4371; x_wconf 87' lang='lat' dir='ltr'>certa</span> <span class='ocrx_word' id='word_1_267' title='bbox 841 4308 1028 4371; x_wconf 88' lang='lat' dir='ltr'>necessitate</span> <span class='ocrx_word' id='word_1_268' title='bbox 1045 4305 1177 4368; x_wconf 90' lang='lat' dir='ltr'>ecclesie</span> <span class='ocrx_word' id='word_1_269' title='bbox 1194 4305 1349 4388; x_wconf 90' lang='lat' dir='ltr'>pecuniis,</span> <span class='ocrx_word' id='word_1_270' title='bbox 1363 4305 1461 4368; x_wconf 89' lang='lat' dir='ltr'>nostri</span> 
     </span>
     <span class='ocr_line' id='line_1_34' title="bbox 197 4409 1478 4498; baseline -0.008 -18"><span class='ocrx_word' id='word_1_271' title='bbox 197 4465 304 4482; x_wconf 92' lang='grc'><strong>.....</strong></span> <span class='ocrx_word' id='word_1_272' title='bbox 318 4415 506 4495; x_wconf 86' lang='lat' dir='ltr'>refundatis,</span> <span class='ocrx_word' id='word_1_273' title='bbox 529 4416 615 4478; x_wconf 89' lang='lat' dir='ltr'>etin</span> <span class='ocrx_word' id='word_1_274' title='bbox 638 4429 802 4498; x_wconf 89' lang='lat' dir='ltr'>posterum</span> <span class='ocrx_word' id='word_1_275' title='bbox 826 4414 866 4476; x_wconf 92' lang='lat' dir='ltr'>de</span> <span class='ocrx_word' id='word_1_276' title='bbox 889 4413 1047 4474; x_wconf 91' lang='lat' dir='ltr'>universis</span> <span class='ocrx_word' id='word_1_277' title='bbox 1069 4411 1134 4474; x_wconf 91' lang='lat' dir='ltr'>suis</span> <span class='ocrx_word' id='word_1_278' title='bbox 1158 4410 1367 4493; x_wconf 91' lang='lat' dir='ltr'>proventibus</span> <span class='ocrx_word' id='word_1_279' title='bbox 1391 4409 1478 4492; x_wconf 84' lang='lat' dir='ltr'>ple-‘</span> 
     </span>
     <span class='ocr_line' id='line_1_35' title="bbox 196 4515 1457 4606; baseline -0.009 -19"><span class='ocrx_word' id='word_1_280' title='bbox 196 4525 282 4586; x_wconf 91' lang='lat' dir='ltr'>narie</span> <span class='ocrx_word' id='word_1_281' title='bbox 299 4522 419 4606; x_wconf 87' lang='lat' dir='ltr'>(eidem</span> <span class='ocrx_word' id='word_1_282' title='bbox 436 4520 655 4604; x_wconf 84' lang='lat' dir='ltr'>satisfaciatis).</span> <span class='ocrx_word' id='word_1_283' title='bbox 673 4522 752 4582; x_wconf 92' lang='lat' dir='ltr'>ltem</span> <span class='ocrx_word' id='word_1_284' title='bbox 768 4519 865 4582; x_wconf 91' lang='lat' dir='ltr'>etiam</span> <span class='ocrx_word' id='word_1_285' title='bbox 882 4519 1034 4598; x_wconf 90' lang='lat' dir='ltr'>triticum,</span> <span class='ocrx_word' id='word_1_286' title='bbox 1051 4516 1139 4599; x_wconf 93' lang='lat' dir='ltr'>quod</span> <span class='ocrx_word' id='word_1_287' title='bbox 1156 4535 1215 4599; x_wconf 92' lang='lat' dir='ltr'>pro</span> <span class='ocrx_word' id='word_1_288' title='bbox 1232 4535 1288 4577; x_wconf 87' lang='lat' dir='ltr'>sua</span> <span class='ocrx_word' id='word_1_289' title='bbox 1304 4515 1457 4598; x_wconf 92' lang='lat' dir='ltr'>porcione</span> 
     </span>
     <span class='ocr_line' id='line_1_36' title="bbox 196 4619 1460 4711; baseline -0.008 -20"><span class='ocrx_word' id='word_1_290' title='bbox 196 4631 338 4693; x_wconf 87' lang='lat' dir='ltr'>cessisset</span> <span class='ocrx_word' id='word_1_291' title='bbox 350 4628 504 4690; x_wconf 90' lang='lat' dir='ltr'>hactenus</span> <span class='ocrx_word' id='word_1_292' title='bbox 514 4626 558 4711; x_wconf 90' lang='lat' dir='ltr'>(et</span> <span class='ocrx_word' id='word_1_293' title='bbox 570 4627 670 4711; x_wconf 93' lang='lat' dir='ltr'>quod)</span> <span class='ocrx_word' id='word_1_294' title='bbox 684 4627 789 4690; x_wconf 90' lang='lat' dir='ltr'>eidem</span> <span class='ocrx_word' id='word_1_295' title='bbox 804 4639 956 4707; x_wconf 85' lang='lat' dir='ltr'>negatum</span> <span class='ocrx_word' id='word_1_296' title='bbox 973 4637 1020 4686; x_wconf 89' lang='lat' dir='ltr'>est</span> <span class='ocrx_word' id='word_1_297' title='bbox 1038 4624 1158 4704; x_wconf 88' lang='lat' dir='ltr'>integre</span> <span class='ocrx_word' id='word_1_298' title='bbox 1173 4619 1358 4699; x_wconf 84' lang='lat' dir='ltr'>refundatis,</span> <span class='ocrx_word' id='word_1_299' title='bbox 1369 4641 1408 4682; x_wconf 94' lang='lat' dir='ltr'>ne</span> <span class='ocrx_word' id='word_1_300' title='bbox 1423 4640 1460 4682; x_wconf 84' lang='lat' dir='ltr'>ex</span> 
     </span>
     <span class='ocr_line' id='line_1_37' title="bbox 196 4725 1461 4818; baseline -0.008 -20"><span class='ocrx_word' id='word_1_301' title='bbox 196 4737 255 4798; x_wconf 91' lang='lat' dir='ltr'>hoc</span> <span class='ocrx_word' id='word_1_302' title='bbox 278 4749 310 4799; x_wconf 89' lang='lat' dir='ltr'>et</span> <span class='ocrx_word' id='word_1_303' title='bbox 333 4736 401 4818; x_wconf 87' lang='lat' dir='ltr'>ipse</span> <span class='ocrx_word' id='word_1_304' title='bbox 425 4734 576 4796; x_wconf 89' lang='lat' dir='ltr'>dominus</span> <span class='ocrx_word' id='word_1_305' title='bbox 599 4732 797 4816; x_wconf 85' lang='lat' dir='ltr'>prepositus.</span> <span class='ocrx_word' id='word_1_306' title='bbox 815 4777 823 4794; x_wconf 86' lang='lat'>.</span> <span class='ocrx_word' id='word_1_307' title='bbox 841 4729 1071 4813; x_wconf 84' lang='lat' dir='ltr'>‚proventibus</span> <span class='ocrx_word' id='word_1_308' title='bbox 1087 4728 1241 4790; x_wconf 91' lang='lat' dir='ltr'>turbetur.</span> <span class='ocrx_word' id='word_1_309' title='bbox 1259 4726 1306 4787; x_wconf 90' lang='lat' dir='ltr'>Ex</span> <span class='ocrx_word' id='word_1_310' title='bbox 1322 4725 1461 4809; x_wconf 88' lang='lat' dir='ltr'>pallacio</span> 
     </span>
     <span class='ocr_line' id='line_1_38' title="bbox 196 4833 1377 4914; baseline -0.008 -10"><span class='ocrx_word' id='word_1_311' title='bbox 196 4855 305 4906; x_wconf 91' lang='lat' dir='ltr'>nostro</span> <span class='ocrx_word' id='word_1_312' title='bbox 328 4839 507 4904; x_wconf 90' lang='lat' dir='ltr'>chasmensi</span> <span class='ocrx_word' id='word_1_313' title='bbox 531 4839 564 4902; x_wconf 93' lang='lat' dir='ltr'>in</span> <span class='ocrx_word' id='word_1_314' title='bbox 590 4837 670 4902; x_wconf 82' lang='lat' dir='ltr'>festo</span> <span class='ocrx_word' id='word_1_315' title='bbox 687 4837 861 4900; x_wconf 89' lang='lat' dir='ltr'>nativitatis</span> <span class='ocrx_word' id='word_1_316' title='bbox 885 4837 975 4898; x_wconf 90' lang='lat' dir='ltr'>beate</span> <span class='ocrx_word' id='word_1_317' title='bbox 999 4833 1132 4914; x_wconf 89' lang='lat' dir='ltr'>virginis</span> <span class='ocrx_word' id='word_1_318' title='bbox 1157 4833 1257 4894; x_wconf 86' lang='lat' dir='ltr'>Marie</span> <span class='ocrx_word' id='word_1_319' title='bbox 1286 4855 1377 4912; x_wconf 86' lang='lat'><strong>¹5¹1·</strong></span> 
     </span>
    </p>
   </div>
   <div class='ocr_carea' id='block_1_7' title="bbox 300 4940 1016 5117">
    <p class='ocr_par' dir='ltr' id='par_1_8' title="bbox 300 4940 1016 5117">
     <span class='ocr_line' id='line_1_39' title="bbox 300 4940 1016 5030; baseline -0.013 -21"><span class='ocrx_word' id='word_1_320' title='bbox 300 4945 429 5030; x_wconf 77' lang='lat' dir='ltr'>(Lucas)</span> <span class='ocrx_word' id='word_1_321' title='bbox 452 4945 620 5028; x_wconf 89' lang='lat' dir='ltr'>episcopus</span> <span class='ocrx_word' id='word_1_322' title='bbox 644 4944 777 5007; x_wconf 88' lang='lat' dir='ltr'>ecclesie</span> <span class='ocrx_word' id='word_1_323' title='bbox 801 4940 1016 5024; x_wconf 88' lang='lat' dir='ltr'>zagrabiensis</span> 
     </span>
     <span class='ocr_line' id='line_1_40' title="bbox 346 5032 904 5117; baseline -0.007 -21"><span class='ocrx_word' id='word_1_324' title='bbox 346 5032 537 5117; x_wconf 90' lang='lat' dir='ltr'>(Pres)encie</span> <span class='ocrx_word' id='word_1_325' title='bbox 562 5034 648 5114; x_wconf 89' lang='lat' dir='ltr'>regie</span> <span class='ocrx_word' id='word_1_326' title='bbox 673 5033 904 5095; x_wconf 88' lang='lat' dir='ltr'>locumtenens.</span> 
     </span>
    </p>
   </div>
   <div class='ocr_carea' id='block_1_8' title="bbox 0 0 1880 5806">
    <p class='ocr_par' dir='ltr' id='par_1_9' title="bbox 0 0 1880 5806">
     <span class='ocr_line' id='line_1_41' title="bbox 0 0 1880 5806; baseline 0 0"><span class='ocrx_word' id='word_1_327' title='bbox 0 0 1880 5806; x_wconf 95' lang='lat' dir='ltr'> </span> 
     </span>
    </p>
   </div>
  </div>
 </body>
</html>
