3732 5802
321 504 327 516 ⁶
403 539 463 600 124
810 519 886 585 Dec.
910 521 981 586 106.
1004 558 1047 570 -
1069 526 1127 586 An.
1152 537 1240 603 1513.

398 751 502 814 vocati
525 752 557 814 in
580 752 679 814 fluvio
699 753 798 836 Zawy
816 765 847 814 et
867 752 1021 815 comitatu
1040 752 1239 835 zsgrabiensi
1256 753 1460 816 existentium
1472 751 1663 836 habitarum,

398 857 483 939 ipsos
514 857 653 939 judicem
682 873 713 920 et
745 858 830 920 cives
859 857 1019 941 predictos
1053 858 1158 921 omnis
1179 857 1256 940 juris
1279 859 1374 921 titulo
1398 861 1661 922 concernentium

397 963 553 1045 legittime
582 977 733 1028 evocatus
764 977 906 1028 nostram
938 965 971 1026 in
1002 965 1199 1048 presenciam
1227 983 1293 1027 non
1317 967 1405 1028 venit
1428 985 1534 1048 neque
1560 967 1663 1044 misit;

398 1070 484 1132 unde
516 1071 620 1153 ipsum
655 1071 687 1133 in
711 1070 832 1152 judicio
857 1071 1081 1133 commisimus
1105 1070 1173 1134 fore
1196 1071 1390 1150 convictum,
1413 1073 1439 1134 si
1463 1093 1495 1134 se
1520 1073 1663 1135 raciona-

398 1176 503 1238 biliter
535 1197 600 1239 non
633 1177 751 1260 poterit
781 1197 941 1239 excusare.
965 1178 1130 1240 Presentes
1163 1189 1271 1239 autem
1304 1177 1413 1259 sigillo
1445 1179 1566 1261 egregii
1592 1179 1663 1240 Bal·

397 1281 529 1344 thasaris
553 1283 592 1344 de
617 1283 762 1366 Bethyan
787 1283 932 1346 vicebani
957 1297 988 1346 et
1004 1283 1129 1346 comitis
1146 1284 1245 1345 nostri
1262 1283 1421 1346 crisiensis
1437 1283 1573 1347 fecimus
1589 1305 1663 1348 con-

396 1388 524 1470 signari.
549 1388 665 1452 Datum
690 1389 845 1470 Zagrsbie
868 1402 982 1471 quarto
1006 1389 1057 1450 die
1080 1389 1209 1450 termini
1233 1391 1403 1472 prenotati.
1420 1394 1517 1453 Anno
1535 1391 1658 1453 domini

397 1493 569 1556 millesimo
593 1495 851 1577 quingentesimo
874 1494 1060 1558 tredecimo.

502 1618 533 1678 (Α
553 1618 652 1684 tergo),
677 1602 738 1664 Pro
762 1600 973 1684 prudentibus
997 1615 1028 1664 et
1050 1602 1287 1686 circumspectis
1307 1603 1424 1686 judice,
1444 1603 1565 1686 juretis,
1581 1617 1662 1666 cete-

397 1705 504 1787 risque
530 1707 653 1769 civibus
676 1721 708 1770 et
730 1722 795 1770 tota
817 1709 1048 1771 communitate
1069 1709 1205 1772 civitatis
1225 1711 1345 1772 montis
1363 1710 1533 1774 Grecensis
1554 1725 1662 1773 contra

397 1810 553 1874 illustrem
579 1813 747 1876 dominum
774 1814 952 1896 Georgium
976 1815 1196 1877 marchionem
1219 1815 1588 1898 Brsndemburgensem.

507 1933 643 2000 originale
661 1933 688 1988 in
714 1935 813 1988 charte.
840 1936 861 1986 Α
886 1941 963 2002 tergo
990 1937 1147 2002 impressum
1176 1942 1218 1990 est
1245 1936 1369 2005 sigillum.
1399 1939 1426 1991 ln
1451 1939 1520 1992 ercli.
1541 1939 1587 1991 lib.
1608 1955 1663 2006 reg.

398 2021 470 2076 civit.
489 2025 595 2090 eagrsb.

988 2255 1074 2322 106.

500 2393 574 2446 Anno
597 2395 671 2460 1513,
694 2393 733 2446 ts.
753 2395 823 2447 maii.
844 2382 962 2448 Casmae.

401 2523 505 2580 Coram
527 2523 651 2596 capetulo
673 2523 810 2582 lasmenst'
831 2525 987 2598 capitulum
1010 2525 1196 2597 segrabe'ense
1214 2525 1437 2582 intercessionem
1451 2521 1536 2600 saeit
1562 2533 1663 2582 centra

395 2629 583 2687 Franciscum
615 2628 714 2700 Kecer,
739 2638 933 2704 proventuum
957 2632 1036 2704 episc.
1060 2630 1178 2704 eegrab.
1204 2631 1477 2700 administratorem,
1503 2633 1559 2705 qui
1577 2651 1663 2705 egros

675 2736 815 2811 quosdam
837 2735 962 2810 capituli
981 2737 1011 2793 in
1034 2735 1121 2811 Kreg
1140 2739 1209 2795 sitos
1229 2739 1384 2811 occupavit.

500 2876 568 2936 Nos
600 2875 776 2957 capitulum
810 2875 943 2938 ecclesie
975 2876 1179 2940 chasmensis.
1206 2877 1363 2940 Memorio
1396 2878 1662 2940 commendemus

395 3001 451 3064 per
474 2993 646 3064 presentes,
663 2981 750 3063 quod
776 2983 967 3045 venerabilis
990 2982 1141 3064 magister
1161 2983 1324 3046 lohannes
1344 2983 1550 3068 Suppanych,
1568 3005 1661 3048 cano·

395 3088 486 3150 nicus
501 3087 632 3149 ecclesie
649 3089 864 3170 zsgrabiensis
881 3089 913 3150 in
930 3109 986 3151 sua
1003 3108 1040 3151 ac
1056 3089 1289 3152 venerabilium
1306 3090 1514 3152 dominorum
1529 3090 1660 3173 capituli

396 3193 540 3256 eiusdem
570 3194 702 3256 ecclesie
734 3195 949 3276 zagrabiensis
980 3195 1136 3278 personis,
1160 3196 1259 3256 nostri
1291 3196 1502 3279 personaliter
1525 3198 1660 3259 veniens

396 3300 430 3361 in
453 3299 662 3382 presenciam,
682 3319 739 3382 per
757 3300 892 3362 modum
913 3301 1156 3383 protestacionis
1176 3316 1208 3363 et
1229 3301 1434 3364 inhibicionis
1450 3303 1546 3364 nobis
1563 3303 1661 3386 signi-

395 3405 489 3469 ficare
513 3407 634 3468 curavit
654 3425 693 3467 eo
710 3407 828 3469 modo:
849 3407 990 3489 qualiter.
1002 3408 1149 3489 egregius
1166 3404 1318 3470 dominus
1333 3409 1521 3470 Franciscus
1538 3410 1662 3473 Keczer

396 3511 435 3572 de
475 3511 631 3591 dewan,
667 3512 905 3574 administrator
943 3527 1158 3596 proventuum
1196 3515 1398 3597 episcopatus
1434 3515 1660 3596 zsgrabiensis,

398 3617 502 3680 missis
525 3631 556 3680 et
584 3618 749 3680 destinatis
772 3619 936 3682 nobilibus
961 3619 1103 3700 Georgio
1127 3619 1272 3681 Horvsth
1296 3620 1469 3682 castellano
1493 3635 1524 3682 et
1549 3623 1661 3684 curiali

394 3724 604 3806 zagrabiensi,
640 3725 747 3786 Blssio
786 3725 960 3787 castellano
1001 3725 1040 3786 de
1080 3724 1205 3808 Okych,
1241 3709 1425 3787 Balthasare
1466 3725 1660 3810 Hobethych

395 3830 506 3892 curiali
541 3830 729 3910 chasmensi,
765 3829 910 3893 Johanne
942 3831 1080 3893 litterato
1108 3829 1289 3910 Wilhelmi,
1323 3831 1459 3893 Nicolao
1491 3833 1659 3912 Borsochi,

395 3935 582 3998 Zthsnkone
615 3937 654 3998 de
687 3937 913 4020 Seryawynch,
937 3937 1066 3999 Andrea
1090 3937 1210 4015 villico,
1235 3937 1375 3999 Martino
1399 3937 1555 4021 Chyglsr,
1581 3940 1660 4002 Gre-

393 4043 497 4124 gorio,
520 4042 705 4123 Valentino,
727 4043 954 4125 jobsgionibus
977 4043 1052 4106 dicti
1077 4043 1278 4126 episcopatus
1303 4043 1342 4104 de
1367 4043 1438 4106 vico
1458 4045 1660 4126 Latinorum,

394 4149 529 4231 aliisque
560 4169 658 4232 quam
689 4150 836 4232 pluribus
870 4149 1056 4212 hominibus
1091 4147 1256 4211 nobilibus
1291 4149 1412 4212 scilicet
1443 4164 1475 4212 et
1506 4152 1598 4214 laicis
1628 4153 1658 4214 in

393 4267 533 4317 turmam
565 4269 596 4318 et
619 4269 762 4318 coortem
785 4254 982 4335 coadunatis,
1007 4255 1156 4317 manibus
1183 4255 1312 4316 armatis
1334 4268 1365 4317 et
1388 4257 1597 4338 potencinriis
1620 4259 1659 4320 sd

395 4380 544 4444 campum
568 4361 744 4424 eorundem
770 4361 976 4424 dominorum
1001 4361 1131 4445 capituli
1154 4373 1185 4423 et
1207 4362 1437 4425 canonicorum
1454 4362 1577 4446 Crogh,
1595 4365 1658 4427 alio

394 4467 525 4529 nomine
548 4467 670 4550 Zygeth
688 4482 918 4550 nuncupatum,
935 4468 968 4530 in
984 4467 1143 4530 territorio
1159 4467 1369 4549 zagrabiensi,
1386 4467 1467 4530 inira
1485 4470 1659 4533 claustrum

394 4573 478 4635 besti
495 4573 619 4635 Nicolai
636 4574 778 4657 episcopi
795 4587 826 4636 et
841 4573 1032 4637 confessoris
1048 4573 1236 4635 existentem
1252 4571 1409 4653 habitum,
1426 4575 1503 4636 irrui
1524 4575 1658 4656 fecisset,

395 4678 505 4759 ibique
529 4679 610 4740 intra
634 4699 724 4742 veras
748 4693 849 4742 metas
873 4693 904 4742 et
927 4679 1045 4742 limites
1068 4679 1213 4742 eiusdem
1234 4679 1339 4761 campi
1363 4681 1520 4762 quasdam
1536 4682 1660 4746 thlaltas

394 4795 425 4844 et
455 4795 553 4846 terras
584 4785 729 4865 arabiles,
754 4806 817 4868 que
841 4786 880 4847 de
904 4785 972 4867 jure
996 4799 1027 4849 et
1050 4787 1090 4848 sb
1115 4785 1259 4867 antiqu0,
1284 4786 1592 4870 consuetudinisque
1616 4789 1658 4850 le-

392 4889 517 4970 gittime
552 4892 734 4974 prescripte,
767 4892 925 4955 dictorum
961 4893 1169 4955 dominorum
1202 4891 1431 4954 canonicorum
1463 4907 1495 4956 et
1528 4896 1658 4978 capituli

393 4992 595 5077 prefuissent,
619 5011 649 5059 et
679 4998 711 5060 in
744 5016 880 5080 quarum
907 4999 1038 5083 pacifica
1062 5013 1093 5062 et
1116 5000 1223 5082 quieta
1246 4999 1447 5081 possessione
1471 5021 1489 5064 s
1512 5013 1657 5086 tempore
