3808 5792
423 582 480 662 198
836 585 908 645 Doc.
933 581 1002 646 162.
1027 617 1067 626 -
1092 584 1150 644 An.
1173 596 1260 659 1519.

418 811 581 872 extradare
605 825 636 873 et
659 810 823 872 restituere
857 823 1062 886 recusassent,
1099 823 1341 892 recusarentque
1381 811 1482 873 eciam
1516 813 1614 874 modo
1648 814 1679 875 in

420 917 634 999 preiudicium
648 933 679 980 et
696 917 863 996 damnum,
880 916 1065 999 juriumque
1078 916 1273 997 derogamen
1297 916 1374 978 dicti
1387 917 1510 980 domini
1535 937 1681 981 reveren-

420 1024 541 1085 dissimi
566 1037 598 1085 et
622 1025 753 1086 ecclesie
780 1043 834 1085 sue
859 1023 999 1106 predicte
1023 1021 1239 1084 manifestum.
1265 1022 1360 1086 Unde
1384 1024 1409 1085 si
1434 1044 1470 1084 ex
1495 1025 1551 1086 tali
1575 1026 1681 1088 minus

420 1131 501 1192 iusta
526 1143 557 1190 et
580 1130 722 1192 indebita
747 1130 966 1211 abnegacione
990 1129 1146 1190 dictarum
1171 1128 1335 1189 literarum
1367 1143 1398 1190 et
1428 1129 1601 1192 literalium
1634 1131 1681 1192 in-

329 1283 335 1294 .
419 1249 670 1297 strumentorum
692 1235 834 1317 aliquam
858 1235 1092 1297 alienacionem
1124 1235 1283 1296 bonorum
1316 1236 1639 1317 possessionariorum
1655 1257 1682 1324 *a

420 1341 505 1403 dicta
529 1341 662 1403 ecclesia
686 1356 717 1403 et
733 1341 811 1404 alias
835 1340 1024 1404 confusione
1038 1341 1088 1402 vel
1106 1340 1323 1422 occupacione
1340 1353 1508 1420 metarum,
1523 1342 1682 1425 signanter

420 1461 527 1509 autem
552 1448 584 1509 in
609 1447 782 1529 provinciis
806 1447 993 1509 dombrensi
1018 1459 1049 1508 et
1073 1446 1222 1529 lwanych
1246 1447 1460 1526 existentium,
1484 1467 1543 1530 pro
1566 1450 1682 1530 quibus

421 1565 505 1616 nunc
530 1554 594 1616 litis
617 1555 750 1617 materia
781 1556 911 1616 suborta
942 1552 1024 1616 foret
1055 1553 1181 1616 evenire
1214 1553 1394 1635 contigerit,
1426 1555 1457 1615 id
1491 1573 1556 1616 non
1590 1555 1682 1636 culpa

421 1661 487 1721 sive
512 1659 712 1742 negligencia
737 1660 837 1742 ipsius
860 1660 983 1721 domini
1012 1660 1280 1739 reverendissimi,
1304 1660 1360 1721 sed
1390 1660 1547 1722 dictorum
1581 1661 1681 1722 domi·

421 1783 537 1827 norum
561 1766 691 1848 capituli
713 1766 938 1848 zagrabiensis,
961 1780 1115 1847 tanquam
1142 1766 1198 1848 qui
1223 1765 1283 1827 sibi
1314 1765 1415 1827 dictas
1432 1765 1537 1828 literas
1561 1781 1591 1828 et
1614 1767 1681 1828 lite-

422 1873 500 1934 ralis
524 1873 733 1934 instrumenta
758 1892 820 1954 que
844 1873 1010 1954 presertim
1034 1891 1119 1934 nunc
1150 1871 1296 1934 venirent
1335 1872 1514 1934 exhibenda
1546 1873 1621 1934 dare
1653 1885 1682 1933 et

422 1979 585 2040 restituere
608 1993 765 2057 recusant,
782 1979 896 2040 ascribi
921 1979 1048 2060 poterit.
1074 1978 1177 2061 Super
1194 1977 1313 2060 quibus
1337 1979 1488 2040 omnibus
1504 1991 1535 2040 et
1551 1978 1682 2060 singulis

422 2083 583 2166 premissis
606 2084 692 2146 idern
717 2084 869 2146 dominus
891 2084 1176 2146 reverendissimus
1207 2084 1304 2166 peciit
1327 2084 1386 2145 sibi
1412 2084 1547 2146 anobis
1579 2084 1682 2146 literas

423 2190 490 2251 dari
515 2190 806 2273 protestacioriales,
830 2210 910 2272 quas
933 2210 992 2252 nos
1017 2191 1121 2252 eidem
1146 2203 1176 2252 et
1193 2190 1324 2252 ecclesie
1341 2209 1398 2251 sue
1427 2191 1598 2272 prescripte
1615 2190 1682 2271 lege

422 2296 512 2377 regni
536 2295 716 2376 requirente
741 2309 772 2357 et
795 2296 958 2358 communi
983 2295 1106 2378 justicia
1130 2295 1282 2358 evadente
1311 2294 1429 2376 jurium
1453 2315 1585 2357 suorum
1609 2297 1682 2357 ube·
1727 2351 1730 2354 .

423 2404 541 2465 riorem
564 2401 604 2462 ad
628 2401 786 2463 cautelam
810 2401 960 2463 duximus
983 2401 1214 2463 concedendas.
1244 2402 1363 2462 Datum
1388 2399 1466 2463 feria
1489 2414 1575 2462 sexta
1598 2401 1683 2462 vide-

423 2509 497 2570 licet
520 2508 553 2569 in
578 2505 658 2570 festo
682 2507 849 2569 beatorum
875 2507 1017 2570 Simonis
1040 2521 1071 2569 et
1095 2507 1175 2568 Jude
1192 2507 1424 2590 apostolorum.
1449 2511 1545 2568 Anno
1564 2507 1683 2569 domini

424 2614 598 2677 millesimo
622 2614 882 2696 quingentesimo
907 2613 1034 2676 decimo
1061 2633 1159 2676 nono.

530 2753 667 2819 originale
688 2753 714 2804 iu
733 2753 833 2818 charta,
852 2768 868 2804 a
885 2758 963 2818 tergo
983 2754 1126 2819 vestigium
1145 2752 1236 2820 sigilli.
1256 2753 1284 2805 ln
1304 2754 1394 2806 archiv
1406 2768 1466 2809 ven.
1481 2755 1568 2819 Capit.
1581 2755 1684 2819 zagrab.

424 2843 480 2894 Act.
501 2843 562 2912 Cap.
583 2847 635 2894 ant.
654 2843 718 2894 lasc.
739 2842 781 2894 95.
802 2857 839 2894 nr.
861 2843 900 2895 13.

1016 3125 1098 3192 162.

530 3284 604 3335 Anno
625 3283 701 3336 1519.
723 3283 762 3336 31.
784 3284 911 3336 octobris.
930 3283 1086 3350 Zagrabiae.

330 3385 332 3388 Ι
432 3412 535 3469 wem
558 3412 683 3485 capitulo
704 3412 824 3485 aagrab.
854 3412 1006 3486 Georgius,
1025 3413 1113 3486 prior
1133 3413 1195 3474 ord.
1220 3413 1468 3490 ΡνιιιαίῒαίονιυηΙ
1481 3413 1613 3487 aagrah,
1648 3430 1687 3469 re·

506 3526 590 3575 cusat
609 3518 643 3575 de
665 3518 815 3590 eripienda
838 3521 1007 3576 monasterii
1019 3521 1206 3592 possessione,
1229 3537 1303 3594 quoe
1326 3527 1450 3578 vocatur
1473 3517 1609 3591 Stupnrk.

516 3656 583 3718 Nos
606 3656 781 3738 capitulum
818 3657 948 3718 ecclesie
981 3659 1204 3738 zagrabiensis.
1238 3659 1395 3720 Memoria
1427 3657 1691 3720 commendamus

427 3781 483 3844 per
505 3775 677 3843 presentes,
701 3762 789 3842 quod
825 3761 993 3843 religiosus
1017 3761 1113 3824 frater
1137 3762 1297 3845 Georgius
1321 3763 1360 3826 de
1386 3764 1589 3844 Posegawar,
1607 3763 1690 3846 prior

428 3867 555 3928 claustri
579 3868 678 3929 sancti
702 3867 839 3947 Nicolai‚
856 3869 1010 3950 Zagrabie
1035 3868 1170 3948 fundati,
1195 3871 1227 3931 in
1251 3889 1307 3931 sua
1331 3890 1367 3932 ac
1390 3871 1494 3933 tocius
1518 3883 1693 3932 conventus

428 3987 458 4034 et
482 3973 602 4034 ordinis
627 3971 759 4034 fratrum
781 3974 1021 4036 Predicatorum
1047 3975 1078 4036 in
1103 3975 1218 4038 eodem
1243 3975 1382 4038 claustro
1407 3976 1601 4058 degencium
1625 3996 1691 4058 per·

428 4079 524 4156 sonis,
561 4093 702 4142 nostram
734 4081 944 4162 personaliter
979 4082 1111 4144 veniens
1146 4083 1179 4143 in
1213 4083 1422 4165 presenciam,
1455 4083 1691 4144 serenissimum

430 4185 606 4266 principem
631 4199 661 4246 et
686 4185 865 4260 dominum,
889 4187 1059 4249 dominum
1085 4188 1288 4250 Lodouicum
1323 4188 1375 4250 dei
1398 4189 1505 4270 gracia
1531 4189 1694 4270 Hungaric

430 4304 460 4350 et
484 4291 638 4353 Bohemie
663 4304 720 4353 etc.
745 4312 864 4374 regem,
888 4292 1057 4360 dominum
1088 4307 1234 4356 nostrum
1258 4295 1532 4377 graciosiasimum
1555 4315 1574 4357 a
1600 4295 1694 4356 dona·

432 4394 533 4474 sione,
558 4396 733 4458 collacione
751 4411 782 4459 et
806 4417 979 4460 consensus
1002 4399 1217 4480 adhibicione,
1233 4401 1311 4462 item
1325 4401 1631 4462 reverendissimum
1642 4401 1694 4462 do·

432 4499 556 4561 minum
580 4501 749 4564 dominum
775 4503 937 4565 Thomam
962 4505 1173 4568 miseracione
1198 4506 1307 4567 divina
1336 4506 1535 4568 cardinalem
1552 4521 1583 4568 et
1599 4507 1695 4568 archi·

433 4604 616 4687 episcopum
641 4609 885 4689 strigoniensem
909 4631 945 4672 ac
969 4611 1144 4693 apostolice
1161 4612 1245 4674 sedis
1262 4612 1448 4694 delegatum
1466 4613 1506 4675 de
1524 4613 1624 4676 latere
1641 4627 1695 4675 etc.

432 4726 467 4768 ac
498 4728 686 4788 generosam
717 4714 884 4776 dominam
916 4717 1149 4797 Margaretham
1183 4718 1328 4780 relictam
1363 4719 1504 4781 condam
1537 4717 1695 4802 magnifici

434 4811 586 4876 Johannis
610 4817 722 4901 Banffy
747 4819 786 4880 de
810 4821 1020 4903 Alsolyndwa
1045 4836 1076 4882 et
1108 4823 1189 4884 alios
1220 4823 1384 4904 quoslibet
1417 4825 1560 4887 cuiusvis
1591 4838 1694 4898 status,

433 4917 629 4981 condicionis
652 4937 683 4983 et
706 4925 941 5004 preeminencie
964 4925 1112 4990 homines
1136 4929 1175 4989 ab
1200 4930 1430 5012 occupacione,
1454 4931 1645 4993 detencione
1667 4941 1694 4989 et

442 5025 677 5087 onservacione
701 5030 938 5109 possessionum
962 5032 1128 5116 utriusque
1153 5033 1334 5118 Zthwpnyk
1357 5036 1390 5097 in
1413 5037 1569 5098 comitatu
1596 5054 1694 5117 zagra-
