3808 5792
660 543 735 604 Doc.
760 539 829 618 169.
854 576 896 588 -
920 543 977 603 An.
1002 555 1088 619 1521.

346 769 510 852 Septimus
533 769 677 832 decimus
704 769 867 833 articulus.
894 769 992 844 Quod
1017 770 1095 832 dum
1128 770 1271 853 aliquem
1301 771 1426 833 socium
1451 793 1502 835 ex-

238 891 385 940 traneum
411 875 442 936 in
459 873 619 937 civitatem
637 875 795 936 serviendi
818 889 850 938 et
865 875 1033 938 laborandi
1049 876 1155 957 gracia
1171 876 1279 938 venire
1303 877 1507 958 contingerit,

239 996 356 1044 eotunc
380 981 458 1042 socii
482 992 632 1063 protunc
657 980 836 1060 existentes,
855 981 977 1062 absque
993 980 1219 1063 magistrorum
1235 981 1394 1062 presentia
1411 983 1504 1045 illurn

239 1089 389 1151 decenter
412 1086 572 1169 suscipere
596 1098 627 1149 et
652 1086 758 1149 eidem
782 1087 815 1148 iu
838 1107 898 1149 suo
922 1085 1078 1169 hospicio,
1102 1106 1192 1149 more
1224 1087 1302 1149 alias
1325 1089 1505 1168 observato,

239 1193 379 1256 honores
402 1191 552 1255 exhibere
576 1193 780 1255 tenebuntur.
1519 1271 1522 1274 Ι

345 1299 497 1361 Decimus
521 1310 653 1359 octavus
676 1298 838 1360 articulus.
871 1298 969 1372 Quod
1002 1281 1199 1360 decendente
1232 1298 1343 1381 aliquo
1373 1319 1410 1360 ex
1439 1319 1506 1362 ma·

238 1404 355 1484 gistris,
380 1415 497 1466 eotunc
520 1403 616 1465 ceteri
641 1404 783 1485 magistri
814 1403 978 1466 talismodi
1009 1403 1118 1466 relicte
1148 1403 1188 1466 ad
1221 1424 1312 1466 suam
1342 1403 1504 1468 officinam

240 1508 398 1572 famulum
422 1509 577 1572 idoneum
601 1521 633 1571 et
655 1510 688 1571 in
719 1510 787 1592 ipsa
811 1521 876 1572 arte
908 1511 989 1572 bene
1014 1523 1179 1592 expertum
1210 1531 1268 1592 pro
1296 1531 1352 1572 sua
1383 1523 1505 1573 susten·

238 1616 365 1678 tacione
388 1615 598 1678 subordinate
622 1617 786 1679 debebunt
809 1629 840 1678 et
862 1616 1057 1679 tenebuntur
1079 1616 1214 1696 tamdiu,
1238 1617 1342 1679 donec
1372 1617 1441 1699 ipsa
1473 1618 1505 1679 in

239 1735 323 1784 statu
346 1722 510 1784 viduitatis
531 1723 759 1804 permanserit;
784 1723 826 1784 ita
850 1735 969 1803 tamen,
994 1722 1084 1804 quod
1107 1722 1179 1785 talis
1203 1723 1312 1785 relicta
1329 1722 1505 1786 honorifice

239 1829 338 1890 vitam
362 1841 445 1909 agat.
467 1827 500 1890 Si
524 1847 601 1891 vero
626 1828 739 1890 eadem
763 1829 872 1890 relicta
896 1829 991 1890 alicui
1016 1829 1080 1890 alio
1105 1842 1191 1892 extra
1208 1829 1338 1891 czeham
1357 1830 1503 1892 existenti

239 1935 393 2017 nupserit,
417 1947 533 1997 extunc
556 1935 696 2016 amplius
719 1935 759 1996 ad
784 1936 910 1998 labores
939 1935 1135 1998 exercendos
1168 1955 1325 2017 nusquam
1359 1949 1390 1997 et
1414 1935 1504 1998 nulla

239 2041 362 2103 ratione
385 2040 597 2123 permittatur.

346 2146 497 2209 Decimus
521 2167 626 2208 nonus
649 2147 811 2210 articulus.
845 2147 1053 2228 Quicumque
1077 2167 1114 2208 ex
1139 2146 1215 2228 ipsis
1246 2147 1404 2228 magistris
1435 2167 1505 2230 pre-

239 2253 340 2314 dictas
364 2273 461 2334 penas
485 2265 615 2335 propter
640 2272 784 2315 excessus
808 2253 868 2314 sibi
893 2252 1031 2314 inflictos
1063 2252 1172 2322 animo
1203 2252 1365 2314 obstinato
1396 2265 1427 2314 et
1457 2273 1505 2314 re-

240 2358 400 2420 bellisanti
424 2359 548 2422 solvere
571 2359 682 2438 nollet,
712 2359 784 2420 talis
815 2359 941 2420 interim
975 2371 1006 2422 et
1040 2357 1175 2437 tamdiu,
1211 2377 1276 2438 quo
1314 2358 1354 2419 de
1388 2359 1506 2420 talibus

238 2463 331 2546 penis
354 2463 550 2544 satisfecerit,
574 2465 701 2526 nullum
725 2465 849 2526 socium
873 2464 906 2526 in
930 2483 986 2526 sua
1017 2463 1146 2526 olficina
1183 2463 1301 2525 habere
1333 2462 1446 2526 valeat.
1472 2464 1505 2526 Si

239 2583 348 2631 autem
371 2570 488 2652 aliquis
511 2572 673 2633 sociorum
698 2571 816 2633 talibus
841 2570 1053 2652 birsagiotum
1086 2569 1325 2651 gravaminibus
1349 2570 1505 2632 contraire

239 2676 484 2757 attemptaverit,
506 2676 580 2738 talis
613 2676 780 2738 consortio
803 2677 965 2738 sociorum
990 2676 1118 2739 destitui
1147 2689 1210 2737 eta
1226 2675 1391 2738 laboribus
1408 2676 1506 2758 ipsius

239 2781 315 2842 artis
337 2781 500 2863 prohiberi
525 2781 640 2844 debeat
675 2782 778 2844 donec
803 2771 834 2844 et
867 2783 991 2844 tamdiu
1015 2802 1048 2844 se
1072 2781 1229 2843 voluntati
1261 2781 1404 2864 ipsorum
1437 2800 1505 2843 ma-

238 2887 411 2968 gistrorum
436 2907 510 2950 cum
533 2907 608 2948 veta
633 2887 816 2949 obedientia
841 2887 985 2950 studebit
1009 2887 1227 2949 reconciliare.

345 2993 528 3074 Vigesimus
552 2993 714 3056 articulus.
750 2993 836 3054 Dum
872 2993 989 3075 aliquis
1023 2993 1184 3054 sociorum
1215 3013 1273 3055 seu
1308 2992 1505 3056 famulorum

239 3119 334 3160 suum
358 3100 546 3181 magistrum
569 3099 620 3160 vel
644 3099 743 3181 ipsius
767 3111 949 3161 consortem
973 3113 1027 3160 aut
1051 3098 1207 3160 familiam
1225 3117 1316 3160 suam
1341 3100 1506 3182 vituperiis

239 3206 291 3266 vel
315 3205 471 3268 molestiis
495 3205 634 3267 affecerit
658 3219 689 3267 et
712 3225 778 3267 non
812 3219 902 3288 capta
934 3205 1067 3268 licencia
1091 3225 1109 3266 a
1132 3224 1191 3266 suo
1221 3207 1373 3285 magistro
1404 3226 1506 3268 reces-

240 3312 325 3390 serit,
348 3312 420 3374 talis
442 3332 499 3394 per
537 3313 657 3374 litteras
690 3311 833 3374 elficaces
861 3325 934 3394 post
966 3312 1072 3394 ipsum
1102 3311 1361 3373 transmittendas
1392 3311 1506 3374 nullibi

240 3417 386 3479 locorum
411 3418 452 3480 ad
476 3419 602 3480 labores
626 3417 821 3480 exercendos
844 3419 985 3500 permitti
1010 3417 1135 3480 debeat.

345 3524 528 3605 Vigesimus
550 3524 672 3607 primus
704 3525 866 3586 articulus.
899 3524 984 3586 Dum
1008 3525 1126 3605 aliquis
1156 3523 1318 3584 sociorum
1349 3544 1407 3586 suo
1439 3545 1505 3587 ma·

239 3631 338 3713 gistro
362 3631 553 3692 laboraverit
577 3644 608 3692 et
639 3631 706 3712 ipse
740 3631 891 3712 magister
921 3643 1108 3714 paupertate
1141 3642 1313 3712 preventus
1342 3629 1505 3692 talismodi

240 3737 363 3799 famulo
387 3757 481 3799 suum
516 3737 668 3799 salarium
693 3737 810 3820 paratis
834 3757 907 3798 cum
930 3737 1076 3820 pecuniis
1107 3737 1231 3798 solvere
1262 3737 1420 3818 nequiret,
1452 3756 1504 3798 ex-

239 3858 315 3905 tunc
339 3844 407 3926 ipse
430 3843 580 3924 magister
603 3843 709 3926 ipsum
733 3843 892 3906 famulum
916 3863 989 3905 cum
1010 3845 1105 3905 rebus
1122 3843 1292 3905 elaboratis
1316 3855 1503 3905 contentum

239 3949 374 4012 reddere
390 3950 519 4012 valebit.

353 4056 535 4136 Vigesimus
568 4055 727 4118 secundus
761 4055 922 4119 articulus.
963 4055 1048 4117 Dum
1084 4056 1244 4137 quispiam
1280 4055 1504 4136 magistrorum

240 4162 371 4224 alterius
393 4163 535 4244 magistri
560 4162 772 4244 aprodianum
796 4162 836 4224 ad
860 4183 893 4224 se
917 4163 1025 4224 venire
1049 4161 1237 4223 alliciaverit
1261 4175 1292 4222 et
1315 4174 1426 4222 contra
1449 4181 1505 4222 vo·

240 4269 396 4330 luntatem
420 4268 507 4330 illius
530 4269 672 4351 magistri
695 4269 793 4330 talem
827 4269 1049 4331 sustentaverit
1080 4281 1111 4330 et
1141 4268 1286 4330 laborare
1317 4267 1506 4349 permiserit,

239 4374 486 4456 talismagister
511 4395 670 4436 unacum
707 4375 884 4457 aprodiano
908 4394 983 4438 mox
1015 4395 1032 4436 a
1066 4372 1163 4436 czeha
1198 4375 1265 4456 ipsa
1297 4373 1506 4434 excludantur

242 4480 346 4542 donec
370 4493 402 4542 et
425 4501 594 4562 quousque
630 4501 663 4542 se
687 4481 845 4542 voluntati
875 4482 1101 4563 magistrorum
1133 4480 1278 4542 subicere
1314 4479 1505 4554 studebunt3

240 4585 327 4649 unde
350 4586 481 4648 tandem
504 4587 646 4670 magistri
671 4587 730 4670 ipsi
755 4587 877 4650 eisdem
903 4588 1165 4670 delinquentibus
1189 4588 1317 4649 veniam
1343 4588 1504 4670 impertire

241 4692 378 4754 valeant.

345 4797 529 4880 Vigesimus
552 4799 669 4861 tercius
692 4812 723 4861 et
746 4799 878 4861 ultimus
901 4799 1063 4879 articulus,
1097 4799 1122 4860 is
1146 4811 1202 4861 est.
1228 4798 1327 4872 Quod
1359 4798 1505 4880 quicum-

240 4924 302 4986 que
326 4905 553 4985 magistrorum
577 4918 631 4966 aut
655 4903 850 4967 famulorum
876 4907 1027 4968 omnibus
1050 4925 1085 4966 ac
1117 4905 1253 4986 singulis
1286 4904 1505 4987 suprascriptis

241 5010 502 5072 institutionibus
525 5011 607 5073 intra
631 5011 682 5072 vel
711 5025 797 5074 extra
828 5011 959 5073 czeham
993 5032 1030 5072 ex
1054 5011 1180 5072 sinistra
1211 5010 1393 5072 intencione
1423 5009 1504 5071 deri-
