3752 5806
607 549 679 607 Do'c.
697 561 747 618 20,
764 547 810 605 or.
828 579 871 589 -
894 547 949 605 An.
966 555 1055 622 1503.

195 653 497 660 —-—-—-.——.—.-—
509 654 520 659 -
527 655 594 658 —
641 653 724 659 ——-
798 653 952 658 —

797 773 860 840 20.

297 899 372 950 Anno
395 896 471 963 1503,
491 898 515 950 3'.
533 897 608 964 junii.
627 895 726 948 Budas.

189 1009 342 1083 lohaams
370 1007 522 1077 Coruinus,
544 1007 607 1064 dux
624 1013 653 1063 et
673 1006 773 1075 bonus,
791 1013 1015 1064 communitatem
1037 1005 1162 1062 ciuitatis
1184 1007 1287 1064 montis
1309 1005 1460 1065 Grecensis

191 1115 371 1173 veliementer
393 1115 540 1186 vituperat
560 1115 590 1169 in
613 1129 654 1186 eo,
677 1111 757 1186 quod
769 1111 875 1189 sarua
904 1119 933 1168 ci
954 1107 1059 1184 Rodcs',
1083 1111 1204 1184 capitoli
1224 1109 1460 1183 possessionibus,

735 1219 792 1275 vim
816 1215 923 1278 inpulit.

297 1339 532 1423 Circumspecti
566 1339 661 1401 nobis
685 1339 803 1401 dilecti.
827 1337 1055 1414 Querimonias
1086 1337 1321 1400 venerabilium
1355 1333 1458 1400 domi-

190 1465 309 1508 norum
343 1445 382 1506 de
412 1446 553 1528 capitulo
587 1445 719 1508 ecclesie
752 1443 966 1526 zagrabiensis
995 1444 1185 1526 accepimus,
1210 1444 1377 1528 quomodo
1402 1465 1460 1506 vos

189 1573 258 1613 non
285 1565 396 1614 curato
421 1552 573 1614 mandato
597 1565 706 1614 nostro
730 1549 857 1633 pridem
880 1551 912 1611 in
937 1570 1061 1612 recessu
1078 1563 1187 1611 nostro
1205 1550 1244 1611 de
1262 1549 1316 1612 illa
1333 1549 1459 1614 civitate

191 1671 299 1720 nostra
325 1659 418 1720 vobis
443 1658 528 1737 data,
553 1657 692 1739 quadam
716 1657 894 1719 temeritate
919 1655 1016 1736 ducti,
1034 1657 1182 1718 manibus
1205 1657 1334 1718 armatis
1357 1658 1459 1718 insur-

191 1765 355 1826 rexissetis
377 1779 408 1826 et
433 1785 533 1826 novas
557 1777 658 1826 metas
674 1763 861 1842 erexissetis,
874 1777 969 1845 prout
986 1775 1087 1824 vestre
1104 1759 1275 1844 placuisset
1290 1763 1459 1844 voluntati,

188 1891 228 1932 ac
253 1870 418 1952 quendam
443 1870 649 1951 jobagionem
673 1889 746 1932 cum
770 1869 838 1931 filio
862 1889 920 1930 suo
945 1869 977 1930 in
1001 1869 1052 1930 via
1076 1868 1205 1950 publica
1222 1881 1253 1929 et
1269 1860 1368 1930 libe'ra
1385 1867 1465 1930 cuni

190 1997 289 2038 curru
313 1975 568 2059 proficiscentem
600 1975 668 2038 dire
693 1987 724 2038 et
747 1975 860 2037 acriter
891 1975 1114 2036 verberassetis
1143 1987 1174 2036 et
1198 1975 1458 2056 incarcerassetis,

191 2084 308 2162 immo,
322 2083 410 2164 quod
433 2082 608 2164 pessimum
632 2102 699 2144 esse
724 2081 849 2160 dicitur,
862 2081 895 2143 in
919 2077 1182 2164 possessionibus
1197 2081 1338 2162 ipsorum
1356 2081 1459 2143 domi·

189 2209 309 2250 norum
324 2190 421 2250 Jarun
447 2202 477 2249 et
495 2187 602 2250 Rodes
619 2187 698 2249 duas
714 2187 829 2249 domos
844 2187 926 2268 ignis
943 2186 1094 2266 voragine
1113 2185 1272 2247 comburri
1290 2185 1459 2264 fecissetis;

191 2315 258 2377 que
290 2315 341 2356 res
375 2295 470 2356 nobis
500 2293 706 2380 vehementer
730 2293 901 2375 displicuit.
929 2291 1013 2354 Cum
1037 2305 1145 2354 tamen
1169 2305 1199 2353 et
1222 2311 1280 2353 vos
1303 2293 1361 2376 ipsi
1382 2314 1458 2376 pen·

188 2421 260 2462 sare
285 2401 431 2483 poteritis
454 2420 581 2483 penam,
607 2420 703 2482 quam
727 2397 914 2461 incendiarii
941 2397 1113 2458 domorum
1137 2397 1297 2459 incurrere
1322 2378 1459 2462 debeant

189 2521 222 2568 et
253 2508 419 2588 signanter
452 2506 531 2568 tales
562 2507 710 2587 querelas
742 2525 837 2584 nunc,
862 2504 939 2566 dum
972 2523 1043 2565 cum
1073 2503 1184 2565 ceteris
1208 2503 1348 2565 dominis
1372 2506 1457 2588 apud

188 2614 314 2694 regiam
347 2611 545 2674 Maiestatem
579 2632 699 2690 sumus,
724 2611 764 2672 ad
798 2631 856 2672 nos
887 2611 1011 2671 mittere
1046 2629 1111 2671 non
1144 2609 1351 2688 debuissetis;
1384 2612 1457 2674 ideo

188 2719 284 2780 vobis
315 2719 431 2781 harum
462 2719 542 2780 serie
576 2714 756 2779 firmissime
784 2717 1024 2796 committimus,
1048 2715 1137 2778 aliud
1161 2716 1277 2778 habere
1301 2717 1457 2798 nolentes,

189 2835 352 2906 quatenus
387 2825 492 2886 statim
517 2825 592 2886 visis
626 2823 827 2906 presentibus
849 2837 948 2886 terras
979 2837 1010 2885 et
1034 2821 1144 2885 fenilia
1168 2823 1326 2886 dictorum
1354 2823 1457 2886 domi·

189 2951 309 2992 norum
334 2951 391 3013 per
414 2951 470 2992 vos
494 2935 648 3012 occupata
673 2929 795 2992 eisdem
819 2930 979 2992 remittere
997 2941 1027 2991 et
1046 2931 1085 2991 ab
1102 2930 1282 2991 erreccione
1300 2928 1457 2993 metarum¹

189 3037 409 3119 predictarum
426 3036 644 3118 supersedere,
661 3037 720 3098 nisi
738 3035 771 3097 in
787 3035 859 3114 hiis,
881 3055 944 3116 que
960 3034 1112 3096 hactenus
1128 3035 1312 3117 possedistis
1328 3035 1457 3119 pacifice

190 3151 323 3204 manem
345 3142 488 3204 debeatis
511 3155 541 3203 et
565 3143 750 3220 teneamini,
767 3161 808 3203 ne
833 3141 872 3202 de
897 3155 1001 3203 cetero
1016 3142 1110 3202 nobis
1126 3161 1184 3222 pro
1202 3141 1259 3202 hac
1277 3161 1309 3203 re
1326 3143 1456 3223 querele

189 3250 408 3332 porrigantur.
433 3251 500 3310 Nos
530 3262 637 3310 autem
662 3262 776 3328 cetera,
801 3249 878 3310 dum
911 3248 972 3309 deo
1004 3247 1099 3309 dante
1127 3247 1192 3308 illic
1216 3247 1457 3328 constituemur,

188 3357 354 3418 intervos
384 3369 415 3417 et
439 3355 524 3437 ipsos
555 3354 705 3416 dominos
728 3367 823 3436 prout
855 3367 885 3416 et
909 3355 997 3436 prius
1020 3353 1112 3415 vobis
1147 3352 1296 3432 diximus,
1320 3355 1456 3417 revideri

190 3461 365 3539 faciemus;
389 3481 479 3523 secus
502 3461 599 3542 igitur
622 3481 687 3523 non
713 3459 835 3522 facturi.
860 3461 979 3522 Datum
997 3459 1087 3521 Bude
1112 3461 1144 3520 in
1163 3459 1303 3542 profesto
1322 3461 1456 3523 Penthe-

190 3581 304 3631 costes.
329 3572 426 3629 Anno
451 3567 574 3628 domini
600 3567 774 3628 millesimo
800 3566 1058 3648 quingentesimo
1084 3565 1194 3628 tercio.

792 3672 952 3735 lohannes
977 3672 1150 3752 Coruinus,
1174 3671 1249 3750 dux,
1273 3674 1374 3736 banus
1398 3689 1456 3738 etc.

297 3797 332 3860 (Α
357 3796 456 3861 tergo).
472 3778 719 3861 Circumspectis
735 3777 843 3860 judici,
856 3777 976 3858 juratis,
990 3779 1165 3860 ceterisque
1183 3778 1305 3840 civibus
1322 3781 1456 3844 civitatis

191 3899 298 3948 nostre
323 3885 444 3947 montis
468 3884 646 3963 Grecensis,
671 3885 765 3946 nobis
788 3884 921 3946 dilectis.

304 3989 441 4054 Originale
460 3988 486 4041 in
505 3991 599 4042 charta.
620 3991 641 4040 Α
660 3994 737 4054 tergo
757 3987 897 4054 vestigium
917 3987 1006 4054 sigilli.
1027 3989 1053 4042 ln
1074 3989 1142 4042 arch.
1164 3987 1327 4056 senserint.
1348 3995 1453 4058 zagrab.

189 4081 246 4132 Act.
267 4079 330 4143 Cap.
351 4083 404 4130 aut.
425 4078 488 4130 laec.
511 4079 542 4128 to
560 4089 590 4128 nr
616 4077 658 4130 25.

802 4237 856 4301 21.

296 4379 371 4430 duno
394 4377 470 4444 1503,
492 4380 531 4431 18.
548 4376 622 4441 junii.
641 4376 796 4443 Zagrabiae.

188 4489 322 4546 Andreas
351 4489 505 4546 casiatticus
534 4496 564 4547 et
584 4489 712 4546 mcor-sits
734 4489 854 4561 episcopi
875 4489 1001 4560 aaroni„
1018 4489 1156 4560 parochis
1179 4489 1346 4562 quibusdam
1367 4501 1453 4564 prac-

188 4595 265 4669 ccpit,
288 4602 323 4652 ut
349 4595 474 4668 legatum
498 4613 518 4651 α
544 4593 689 4668 Gregorio
702 4594 835 4668 parocho
853 4595 1032 4667 grogcnousi
1045 4593 1269 4667 praebendariis
1291 4603 1456 4655 oesiamcnto

675 4704 829 4775 ascriptum
853 4703 981 4774 cmgaoi.

297 4822 442 4882 Andreas
465 4822 597 4901 arcium,
618 4823 819 4884 decretorum
843 4835 874 4883 et
898 4841 984 4883 sacre
1008 4820 1169 4902 theologie
1199 4822 1321 4902 doctor,
1346 4832 1456 4885 cantor

190 4929 365 4990 canonicus
389 4943 419 4988 et
446 4929 579 4989 vicarius
604 4929 735 4989 ecclesie
759 4929 984 5008 zagrabiensis.
1009 4927 1267 4990 Discrecionibus
1291 4930 1402 4990 vestris
1420 4930 1470 4990 'in'

190 5037 305 5098 virtute
330 5035 477 5096 salutaris
500 5035 687 5096 obediencie
712 5049 742 5096 et
765 5035 824 5096 sub
853 5034 1197 5095 excommunicacionis
1220 5055 1300 5116 pena
1323 5035 1455 5096 firmiter
