3808 5792
605 572 772 645 Doc.·r50.
796 604 838 613 -
863 574 919 630 An.
945 581 1029 646 1517.
1389 570 1452 652 187

188 797 400 876 Demetrium,
426 811 580 858 assertum
605 797 803 880 prepositum
830 798 962 860 ecclesie
987 799 1077 860 beate
1103 799 1236 879 virginis
1260 799 1292 859 in
1317 819 1388 860 area
1406 819 1455 860 ca·

184 903 314 986 pitulari
348 903 547 984 zagrabiensi
585 917 776 984 constructe,
811 917 865 966 aut
896 905 992 966 aliam
1025 924 1252 986 quamcunque
1284 924 1454 987 personam

184 1031 244 1094 pro
268 1030 307 1072 eo
329 1011 361 1071 in
384 1009 505 1090 judicio
530 1023 780 1092 comparentem,
805 1010 973 1092 quomodo
997 1011 1083 1072 idern
1109 1011 1291 1072 Demetrius
1318 1023 1455 1072 assertus

185 1117 367 1199 prepositus
390 1115 511 1198 prefate
536 1116 668 1178 ecclesie
693 1117 784 1178 beate
801 1115 945 1198 virginis,
962 1117 1101 1178 nescitur
1118 1136 1183 1198 quo
1200 1117 1313 1199 spiritu
1330 1117 1455 1198 ductus,

186 1223 247 1284 nisi
273 1237 308 1284 ut
332 1241 384 1284 me
409 1237 440 1284 et
475 1223 580 1305 ipsum
617 1222 792 1303 collegium
824 1223 1111 1305 prebendariorum
1143 1223 1341 1306 prefatorum
1366 1224 1455 1286 labo·

186 1329 284 1408 ribus,
310 1327 418 1410 fatigis
442 1341 472 1390 et
495 1329 642 1410 expensis
674 1327 862 1410 defatigaret
900 1329 1027 1390 racione
1053 1343 1083 1390 et
1114 1343 1258 1412 pretextu
1289 1329 1455 1390 cuiusdam

189 1435 295 1496 balnei
328 1435 378 1496 siti
412 1453 513 1518 prope
549 1434 667 1496 dictam
703 1435 870 1497 ecclesiam
907 1435 998 1496 beate
1032 1435 1165 1517 virginis
1199 1435 1286 1497 iuxta
1321 1435 1455 1496 fluvium

189 1540 441 1624 Medwednycza
465 1555 615 1602 vocatum
640 1541 671 1600 in
697 1541 864 1622 Zagrabia,
897 1560 970 1602 cum
995 1541 1069 1602 dicti
1095 1540 1297 1624 prebendarii
1329 1539 1457 1603 fuerunt

190 1661 221 1707 et
243 1647 307 1708 sint
330 1666 368 1708 ex
393 1647 476 1709 iusto
501 1647 661 1728 legittimo
685 1647 779 1709 titulo
804 1648 836 1708 in
861 1646 992 1729 pacifica
1017 1661 1048 1709 et
1083 1648 1192 1729 quieta
1216 1648 1416 1730 possessione
1441 1669 1458 1710 a

187 1765 276 1813 tanto
300 1765 446 1836 tempore
470 1767 501 1816 et
524 1773 580 1836 per
603 1765 728 1816 tantum
751 1766 879 1836 tempus
903 1752 943 1816 de
968 1754 1058 1816 cuius
1091 1754 1188 1816 inicio
1217 1774 1273 1816 seu
1297 1754 1457 1816 contrario

188 1859 346 1920 memoria
370 1858 539 1920 hominum
565 1877 631 1920 non
656 1859 770 1938 existit,
795 1857 935 1942 prefatus
964 1859 1147 1922 Demetrius
1179 1861 1360 1943 prepositus
1391 1879 1457 1922 non

189 1965 341 2045 ignorans
365 1966 452 2027 bono
476 1965 544 2046 jure
568 1985 641 2026 cutn
666 1966 901 2048 prescripcione
926 1967 1095 2029 subsecuta
1112 1981 1142 2028 et
1166 1967 1244 2029 alias
1261 1967 1365 2030 dictos
1387 1987 1457 2050 pre·

189 2070 361 2132 bendarios
385 2069 481 2133 fuisse
506 2085 537 2133 et
561 2091 627 2133 esse
652 2072 685 2132 in
710 2072 840 2154 pacifica
866 2073 1078 2154 possessione,
1115 2073 1254 2156 primum
1279 2093 1387 2136 coram
1411 2093 1458 2134 re·

190 2176 338 2238 verendis
362 2178 505 2260 patribus
533 2177 674 2239 dominis
707 2177 856 2240 videlicet
891 2179 1033 2260 capitulo
1067 2179 1151 2240 alme
1184 2179 1317 2241 ecclesie
1351 2199 1459 2260 zagra-

190 2281 309 2342 biensis
333 2281 464 2364 prefate,
489 2295 654 2364 tamquam
681 2283 842 2345 iudicibus
865 2283 1035 2346 ordinariis
1060 2285 1091 2345 in
1116 2285 1165 2346 ius
1182 2285 1310 2346 traxerit
1333 2299 1364 2347 et
1388 2286 1459 2347 lites

190 2387 338 2466 moverit,
364 2389 417 2450 ubi
443 2389 502 2470 ipsi
527 2387 653 2450 domini
678 2390 869 2471 capitolares
885 2390 1018 2452 servatis
1035 2391 1075 2453 de
1091 2390 1158 2471 jure
1181 2391 1344 2452 servandis
1368 2411 1458 2452 suam

192 2493 335 2576 ipsorum
370 2493 573 2556 diffinitivam
609 2514 669 2577 pro
692 2507 781 2578 parte
817 2495 1103 2576 prebendariorum
1140 2515 1213 2557 cum
1249 2497 1460 2580 imposicione

191 2601 337 2684 perpetui
362 2601 485 2662 silencii
510 2601 596 2663 dicto
620 2601 785 2663 Demetrio
809 2603 973 2684 preposito
998 2623 1035 2665 ex
1067 2616 1155 2685 parte
1188 2603 1321 2686 predicti
1352 2603 1458 2664 balnei

192 2707 334 2786 tulerint,
359 2709 399 2768 ab
423 2708 569 2790 expensis
592 2707 626 2769 in
651 2709 719 2790 ipsa
742 2708 798 2770 lite
827 2706 917 2770 factis
949 2711 1088 2770 eundem
1121 2709 1320 2772 Demetrium
1345 2729 1459 2792 prepo-

193 2813 288 2874 situm
315 2812 531 2891 absolventes,
553 2813 608 2874 ubi
631 2813 750 2875 victum
775 2815 889 2876 victori
920 2814 959 2876 de
991 2814 1058 2896 jure
1091 2815 1329 2897 condempnare
1363 2815 1458 2875 debe-

195 2921 288 2996 bant;
314 2919 433 2981 ibidem
463 2932 569 2981 autem
605 2920 689 2982 idem
723 2921 906 2982 Demetrius
930 2921 1112 3004 prepositus
1143 2921 1256 2983 nolens
1280 2941 1390 3004 parere
1415 2921 1460 2982 rei

195 3025 345 3106 judicate,
358 3027 469 3088 volens
494 3027 580 3109 ipsos
603 3028 832 3109 prebendarios
856 3029 1021 3090 maliciose
1046 3029 1147 3108 magis
1164 3048 1199 3089 ac
1217 3029 1318 3109 magis
1335 3048 1459 3106 vexare,

198 3133 353 3195 tribulare
382 3147 412 3194 et
436 3147 624 3216 paupertare
649 3147 679 3195 et
703 3133 876 3215 defatigare
901 3134 1091 3216 exponendo
1115 3135 1296 3216 sumptibus
1319 3147 1350 3196 et
1372 3134 1460 3196 labo·

194 3240 292 3316 ribus,
317 3259 445 3300 causam
469 3240 571 3322 ipsam
596 3241 782 3322 provocavit
806 3253 836 3302 et
858 3241 1032 3322 appellavit
1049 3241 1088 3301 ad
1106 3241 1407 3302 reverendissimum
1426 3241 1457 3302 in

195 3345 322 3408 Christo
347 3358 469 3427 patrem
494 3360 525 3406 et
549 3346 729 3426 dominum,
740 3346 910 3408 dominum
935 3345 1110 3425 Thomam,
1124 3346 1333 3410 miseracione
1351 3346 1459 3407 divina

195 3452 240 3514 tit.
264 3451 364 3513 sancti
390 3452 518 3513 Martini
543 3453 576 3513 in
594 3453 758 3514 Montibus
775 3466 845 3532 etc,
863 3454 1003 3534 legatum
1021 3453 1110 3534 regni
1131 3453 1314 3534 Hungarie;
1330 3452 1460 3513 tandem

195 3555 308 3641 prefati
323 3557 535 3640 ‘prebendarii
559 3572 689 3640 propter
713 3559 1003 3640 conpensacionem
1027 3579 1238 3641 expensarum
1264 3558 1304 3618 ad
1329 3558 1458 3619 sanctis·
1531 3633 1535 3642 ι

195 3667 313 3727 simum
338 3666 370 3726 in
396 3663 525 3727 Christo
550 3679 673 3747 patrem
697 3679 728 3727 et
760 3666 940 3745 dominum,
975 3665 1144 3727 dominum
1180 3667 1323 3726 Leonem
1352 3664 1460 3726 divina

195 3771 403 3854 providencia
427 3791 542 3853 papam
574 3771 747 3850 decimum,
772 3771 905 3854 eiusque
937 3785 1077 3832 sanctam
1111 3771 1221 3832 sedern
1251 3770 1460 3853 apostolicam

196 3891 253 3939 etc.
277 3876 491 3960 appellarunt,
514 3898 550 3938 ac
574 3877 675 3939 eciam
699 3877 774 3960 quia
799 3876 939 3960 prefatus
958 3877 1139 3938 Demetrius
1155 3877 1335 3959 prepositus
1351 3895 1459 3938 coram

197 3983 373 4045 reverendo
396 3983 531 4046 domino
555 3983 684 4045 Andrea
709 3984 910 4046 decretorum
934 3984 1076 4062 doctore,
1093 3983 1258 4066 preposito
1283 3981 1459 4044 chasmensi

197 4103 254 4152 etc.
279 4103 428 4172 pretenso
451 4089 556 4170 judice
581 4089 739 4172 delegate,
765 4090 804 4151 ad
829 4108 926 4172 quem
950 4103 1037 4150 tutus
1050 4109 1115 4151 non
1132 4091 1260 4172 patebat
1272 4109 1415 4177 accessus
1432 4101 1462 4150 et

196 4196 286 4258 locus
320 4197 387 4277 ipse
411 4195 542 4257 distaret
573 4216 589 4256 a
623 4195 748 4258 civitate
774 4196 972 4278 zagrabiensi
1004 4215 1061 4278 per
1092 4216 1144 4257 sex
1175 4195 1276 4257 dietas
1307 4208 1338 4257 et
1369 4195 1461 4274 ultra,

196 4301 276 4364 facte
301 4301 465 4363 citacionis
490 4321 618 4362 causam
642 4302 872 4384 appellacionis
889 4315 920 4364 et
943 4301 1203 4384 appellacionum
1228 4321 1359 4362 suarum
1384 4301 1460 4362 Stri-

196 4408 286 4490 gonii
310 4407 464 4469 ventilare
489 4406 623 4484 fecisset,
648 4406 767 4469 faciens
799 4429 855 4490 per
879 4409 965 4490 ipsos
989 4407 1219 4489 prebendarios
1244 4426 1402 4489 exponere
1427 4407 1459 4467 in

199 4516 265 4598 ipsa
290 4533 384 4575 causa
407 4527 525 4576 certam
549 4534 710 4576 summam
734 4514 942 4577 florenorum.
976 4515 1085 4588 Quare
1117 4515 1316 4576 venerabiles
1339 4513 1463 4575 domini

199 4621 319 4704 judices
342 4619 516 4702 supradicti
541 4633 728 4703 procurator
752 4635 783 4683 et
806 4641 846 4682 eo
875 4621 1006 4682 nomine
1032 4641 1098 4702 quo
1124 4641 1218 4702 supra
1243 4621 1322 4702 petit
1344 4619 1462 4681 humil-

198 4728 272 4789 lime
297 4741 455 4808 quatenus
468 4727 598 4807 cognito
622 4726 662 4788 de
676 4747 769 4788 causa
787 4727 940 4809 premissa
957 4741 1114 4808 quantum
1138 4725 1255 4788 sufficit
1272 4739 1302 4788 et
1319 4739 1463 4788 constare

198 4833 297 4916 possit
321 4832 361 4895 de
385 4832 544 4913 legittimo
569 4851 719 4914 processu
747 4832 823 4894 dicti
848 4833 978 4915 capituli
1012 4833 1238 4913 zagrabiensis,
1268 4832 1464 4894 sentenciam

200 4959 254 5021 per
277 4938 417 5001 eundem
441 4938 616 5020 capitulum
642 4939 738 5000 latam
763 4959 820 5022 pro
838 4953 925 5022 parte
943 4937 1229 5021 prebendariorum
1248 4937 1463 5020 sepefatorum

200 5059 307 5107 contra
331 5059 362 5106 et
385 5044 537 5106 adversus
560 5044 717 5126 prefatum
744 5045 943 5108 Demetrium
961 5059 1115 5106 assertum
1131 5045 1330 5126 prepositum
1348 5043 1462 5125 digne-
