3732 5802
631 580 705 640 Doc.
731 577 799 641 116.
824 613 867 624 —
890 582 946 642 An.
969 592 1056 657 1515.
1414 602 1474 664 139

209 803 274 866 filie
306 806 383 867 olim
418 806 602 886 Karberine,
627 805 789 889 Kathycza
820 807 914 888 dicte,
939 808 1002 870 filie
1028 809 1110 869 Petri
1144 808 1183 870 de
1216 809 1329 870 maiori
1356 809 1475 886 lvllalxa,

211 911 326 974 totales
349 913 519 994 porciones
541 933 613 975 suas
634 915 898 996 possessionarias
914 916 946 976 in
963 915 1218 997 possessionibus
1235 915 1348 976 maiori
1367 915 1473 976 Mlalra

212 1017 354 1100 predicta
378 1038 438 1080 nec
462 1039 528 1080 non
551 1019 648 1081 Plezo
672 1033 702 1080 et
727 1018 834 1081 Kooth
858 1021 890 1080 in
914 1021 1108 1103 Rakytowcz
1125 1021 1254 1098 vocatis,
1272 1020 1304 1081 in
1323 1020 1476 1081 comitatu

212 1107 412 1206 zagrabiensi
430 1125 608 1204 existentes,
621 1125 754 1204 habitas,
768 1125 939 1188 simulcum
958 1127 1079 1188 cunctis
1096 1126 1269 1188 earundem
1286 1125 1477 1188 utilitatibus

214 1243 245 1291 et
269 1231 475 1312 pertinenciis
499 1231 706 1312 quibuslibet,
724 1247 891 1314 prenotato
916 1233 1004 1295 altari
1029 1247 1136 1294 sancte
1160 1246 1191 1293 et
1214 1232 1379 1294 individue
1404 1232 1476 1294 Tri·

214 1337 333 1414 nitatis,
355 1353 651 1419 consequenterque
672 1336 757 1400 dicto
774 1340 926 1420 magistro
945 1338 1086 1420 Georgio
1112 1338 1279 1416 moderno,
1298 1337 1476 1419 futurisque

213 1443 391 1504 rectoribus
421 1443 565 1504 eiusdem
599 1444 707 1505 altaris
737 1463 795 1526 pro
823 1459 967 1527 tempore
992 1445 1170 1506 constitutis
1194 1463 1251 1525 pro
1274 1464 1340 1522 sue,
1365 1444 1476 1526 prede-

213 1567 439 1629 cessorumque
463 1563 630 1630 parentum
654 1569 786 1611 suorum
810 1551 989 1612 animarum
1013 1551 1114 1612 salute
1137 1551 1196 1610 sub
1219 1550 1311 1610 certis
1327 1549 1477 1611 clausulis

215 1669 246 1716 et
270 1654 412 1716 articulis
436 1653 568 1716 inferius
596 1656 627 1716 in
651 1669 762 1717 tenore
786 1657 958 1718 earundem
984 1657 1156 1718 litteratum
1184 1656 1300 1717 claruis
1324 1655 1477 1737 expressis

214 1775 245 1822 et
277 1759 465 1842 specificatis
489 1762 520 1822 in
546 1775 735 1843 perpetuum
761 1762 897 1840 dedisse,
921 1763 1100 1844 ascripsisse
1125 1776 1155 1823 et
1178 1761 1345 1823 tradidisse
1370 1760 1477 1821 dinos-

215 1867 305 1945 citur,
323 1867 442 1928 tenoris
465 1865 666 1948 infrascripti.
687 1867 909 1950 Supplicatum
935 1869 1041 1949 itaque
1065 1868 1167 1929 extitit
1191 1867 1346 1928 Maiestati
1372 1879 1478 1927 nostre

215 1971 389 2050 humiliter,
414 1986 448 2033 ut
479 1973 608 2034 easdem
638 1973 757 2034 litteras
790 1985 820 2034 et
852 1974 961 2035 omnia
993 1974 1023 2035 in
1057 1973 1177 2035 eisdem
1203 1985 1361 2050 contenta,
1386 1985 1477 2050 ratas,

215 2091 320 2159 gratas
351 2091 382 2138 et
412 2091 540 2160 accepta
574 2077 737 2156 habentes,
763 2079 938 2160 litterisque
967 2079 1083 2140 nostris
1106 2077 1360 2162 privilegialibus
1384 2075 1476 2138 inferi

216 2197 245 2244 et
281 2183 409 2244 inscribi
448 2182 608 2262 facientes,
644 2185 764 2246 eisdem
801 2185 983 2264 donacioni,
1019 2185 1187 2246 tradicioni
1224 2199 1253 2245 et
1289 2182 1477 2264 ascripcioni

215 2302 361 2350 nostrum
384 2289 507 2370 regium
532 2305 722 2352 consensum
745 2293 878 2373 prebere
899 2291 1104 2372 dignaremur
1125 2291 1241 2374 pariter
1257 2305 1288 2352 et
1304 2307 1478 2352 assensum.

218 2395 500 2476 Quarumquidem
524 2396 688 2458 literarum
712 2411 803 2458 tenor
822 2398 894 2458 talis
916 2413 979 2459 est:
997 2397 1073 2478 (vid.
1092 2398 1170 2459 Doc.
1192 2418 1261 2476 114·
1279 2416 1352 2457 ann.
1375 2416 1408 2475 15
1438 2393 1477 2475 5).

217 2503 282 2563 Nos
318 2502 415 2583 igitur
450 2502 640 2564 humillimis
674 2501 968 2584 supplicacionibus
1003 2523 1059 2585 pro
1096 2517 1183 2584 parte
1219 2517 1250 2565 et
1283 2502 1314 2562 in
1342 2516 1478 2584 persona

217 2607 416 2670 honorabilis
451 2608 592 2690 magistri
631 2607 763 2689 Georgii
805 2621 922 2688 nostre,
953 2608 1051 2670 modo
1087 2629 1152 2690 quo
1189 2628 1294 2690 supra,
1326 2605 1480 2689 porrectis
1575 2685 1579 2692 ι

218 2713 387 2792 Maiestati,
402 2715 488 2796 regia
507 2715 703 2796 benignitate
720 2714 922 2796 exauditiset
939 2714 1111 2775 clementer
1124 2714 1279 2792 admissis,
1293 2711 1480 2794 prescriptas

217 2819 323 2880 literas
347 2821 489 2882 annotati
514 2821 643 2903 capituli
669 2821 799 2882 ecclesie
824 2819 1039 2902 zagrabiensis
1066 2839 1131 2882 non
1156 2820 1292 2898 abrasas,
1317 2839 1381 2879 non
1406 2837 1479 2878 can·

218 2925 359 3004 cellatas,
388 2945 446 2986 nec
478 2926 510 2986 in
543 2927 651 3008 aliqua
683 2927 731 2988 sui
755 2939 843 3008 parte
867 2939 1027 3008 suspectas
1050 2925 1105 2988 sed
1134 2926 1222 2987 omni
1246 2944 1374 3007 prorsus
1397 2922 1481 2984 vicio

219 3042 249 3092 et
281 3031 463 3113 suspicione
496 3045 648 3110 carentes,
672 3031 936 3114 presentibusque
963 3033 1061 3094 literis
1085 3033 1200 3094 nostris
1227 3029 1481 3114 privilegialibus

219 3137 413 3198 verbotenus
441 3138 508 3198 sine
544 3137 773 3199 dominucione
798 3151 828 3199 et
853 3151 1026 3220 augmento
1050 3137 1181 3218 aliquali
1208 3137 1348 3214 insertas,
1373 3133 1481 3217 quoad
1520 3147 1522 3152 '

219 3261 332 3304 omnes
365 3243 539 3305 earundem
572 3243 798 3322 continencias,
823 3244 982 3306 clausulas
1005 3257 1035 3306 et
1060 3244 1210 3307 articulos
1236 3257 1378 3321 eatenus,
1402 3261 1479 3324 qua·

220 3361 311 3410 tenus
334 3349 447 3410 eedem
468 3349 526 3410 rite
547 3363 577 3410 et
593 3349 749 3431 legittime
776 3349 913 3412 existunt
930 3365 1086 3428 emanate,
1102 3351 1288 3431 viribusque
1306 3347 1480 3410 earundem

208 3455 335 3531 ,veritas
368 3454 568 3536 suffragatur,
592 3469 684 3534 ratas,
707 3469 811 3538 gratas
842 3469 873 3519 et
904 3471 1031 3538 accepta
1055 3457 1219 3534 habentes,
1243 3453 1405 3538 premissis
1427 3452 1480 3513 da·

223 3561 319 3639 cioni,
343 3561 511 3622 tradicioni
538 3575 568 3622 et
591 3562 790 3643 ascripcioni,
807 3561 941 3643 aliisque
959 3564 1110 3624 omnibus
1126 3577 1157 3624 et
1172 3562 1307 3644 singulis
1323 3562 1355 3622 in
1371 3574 1480 3621 tenore

221 3667 397 3728 earundem
421 3667 584 3729 literarum
609 3668 754 3750 superius
778 3669 945 3747 contentis,
974 3683 1117 3730 nostrum
1140 3669 1262 3750 regium
1289 3684 1480 3728 eonsensum

219 3774 416 3853 prebuimus,
440 3774 541 3835 immo
564 3774 736 3856 prebemus
764 3773 952 3836 benivolum
977 3774 1094 3856 pariter
1118 3787 1148 3834 et
1170 3791 1353 3848 assensum;
1379 3783 1409 3832 et
1433 3770 1480 3830 ni·

220 3877 414 3940 chilominus
436 3881 479 3941 ob
503 3879 592 3940 illam
616 3900 705 3961 spem
730 3895 760 3941 et
784 3880 996 3942 devocionem
1024 3893 1164 3940 nostram
1188 3877 1384 3959 singularem
1408 3895 1482 3956 erga
1561 3933 1568 3944 ,

221 3984 322 4066 ipsam
346 3998 488 4046 sanctam
505 3997 535 4046 et
553 3983 754 4046 individuam
772 3983 975 4064 Trinitatem,
993 3985 1083 4046 cuius
1104 3985 1227 4046 nomini
1248 3983 1391 4065 glorioso
1412 4000 1482 4062 pre·

221 4089 320 4152 latum
352 4090 449 4152 altare
482 4089 623 4152 dicatum
654 4091 757 4152 existit
789 4091 929 4171 gerimus
961 4103 992 4152 et
1014 4091 1179 4168 habemus,
1203 4105 1306 4151 totum
1331 4101 1362 4149 et
1386 4107 1482 4149 omne

221 4195 268 4276 jus
288 4209 433 4257 nostrum
453 4197 588 4278 regium,
609 4197 634 4258 si
652 4197 741 4278 quod
758 4197 790 4258 in
808 4197 988 4279 prescriptis
1003 4197 1211 4280 porcionibus
1228 4194 1483 4278 possessiouariis

221 4315 275 4362 aut
307 4302 481 4364 earundem
510 4303 715 4385 pertinenciis
740 4303 1016 4385 qualitercumque
1040 4303 1239 4381 haberemus,
1264 4315 1318 4363 aut
1341 4313 1483 4362 nostram
1514 4386 1517 4395 Ι

221 4427 259 4468 ex
275 4409 534 4491 quibuscumque
555 4411 668 4488 causis,
681 4411 751 4489 viis,
772 4409 877 4472 modis
894 4425 925 4472 et
942 4410 1124 4470 racionibus
1140 4421 1368 4470 concernerent
1386 4407 1483 4469 Maie-

220 4527 333 4576 statem
356 4515 452 4578 simul
477 4535 550 4578 cum
571 4517 693 4578 cunctis
714 4517 779 4578 suis
800 4516 990 4578 utilitatibus
1006 4529 1036 4576 et
1052 4515 1256 4596 pertinenciis
1273 4514 1482 4596 quibuslibet,

221 4634 396 4683 memorate
420 4641 473 4684 are
496 4637 603 4684 sancte
624 4636 654 4684 et
671 4621 836 4683 individue
854 4621 1022 4683 Trinitatis
1038 4640 1073 4682 ac
1091 4620 1314 4701 prenominato
1331 4619 1483 4700 magistro

222 4726 365 4809 Georgio
393 4728 561 4807 moderno,
585 4725 764 4809 futurisque
792 4727 967 4788 rectoribus
991 4726 1134 4788 eiusdem
1158 4746 1216 4808 pro
1240 4738 1384 4807 ternpore
1409 4743 1484 4786 con·

221 4834 337 4895 stitutis
370 4833 529 4914 dedimus,
553 4833 745 4896 donavimus
769 4847 800 4895 et
823 4833 1029 4912 contulimus,
1054 4833 1154 4894 immo
1178 4832 1301 4910 damus,
1326 4831 1485 4892 donamus

222 4953 252 5000 et
268 4937 464 5001 conferimus
480 4939 547 5021 jure
564 4951 720 5022 perpetuo
738 4953 768 5028 et
785 4939 1033 5000 irrevocabiliter
1050 4937 1236 5015 tenendum,
1253 4935 1484 5017 possidendum

222 5046 338 5127 pariter
373 5059 404 5106 et
440 5045 635 5128 habendum,
660 5046 749 5110 salvo
780 5045 847 5128 jure
873 5045 989 5122 alieno,
1015 5044 1127 5104 harum
1152 5055 1343 5120 nostrarum,
1368 5041 1485 5131 quibus
