3732 5802
395 483 453 544 118
811 488 883 549 Doc.
907 501 976 550 100.
998 523 1041 533 -
1063 492 1120 549 An.
1145 502 1232 566 1512.

391 592 634 600 ——-—-——--

390 714 568 770 sacerdotalia
584 732 654 770 nova
670 719 702 769 de
716 732 831 783 purpura
844 719 971 770 deaurata
983 719 1074 784 rubea,
1084 717 1191 783 depicta
1204 719 1317 771 diversis
1331 720 1451 784 floribus,
1462 735 1520 772 curu
1533 721 1654 773 omuibus

391 810 550 873 attinenciis,
570 809 635 860 satis
662 809 852 873 competeucia.
873 809 937 860 Item
962 809 1014 860 alia
1039 811 1091 861 duo
1117 815 1271 861 ornamenta
1295 811 1474 862 sacerdotalia
1492 811 1560 862 satis
1587 812 1657 862 bona

392 901 424 950 de
451 894 573 963 kamoha,
597 912 675 948 unum
700 896 847 949 subcinerei
870 897 978 962 coloris,
1003 897 1073 949 aliud
1097 898 1231 950 declinans
1255 899 1288 949 ad
1309 899 1423 968 haveum
1446 913 1505 950 cum
1534 899 1655 950 omnibns

391 986 549 1039 attinenciis.
564 985 687 1052 Quintum
706 991 886 1037 ornamentum
904 988 1071 1038 sacerdotale
1085 988 1117 1038 de
1130 987 1241 1038 sindone
1255 1001 1324 1038 nova
1337 1001 1394 1038 cum
1408 987 1531 1039 omuibus
1545 988 1657 1039 attiueu-

391 1076 439 1126 ciis
459 1075 674 1141 congruentibus.
694 1073 802 1126 Sextum
821 1079 1001 1126 ornamentum
1018 1079 1105 1126 vetus.
1124 1075 1189 1127 item
1209 1082 1363 1128 ornamenta
1381 1077 1513 1140 altarium,
1529 1091 1609 1128 unum
1625 1077 1658 1126 de

392 1164 505 1215 lamolra
523 1163 588 1214 satis
608 1165 679 1215 boua
698 1177 775 1227 nova,
789 1164 895 1228 depicta
914 1163 995 1215 certis
1015 1163 1137 1220 duribus;
1156 1162 1226 1215 aliud
1245 1162 1370 1215 similiter
1389 1166 1421 1214 de
1441 1165 1554 1216 kamoka
1573 1164 1658 1229 magis

394 1253 527 1304 nsltatum.
547 1252 606 1303 Alia
625 1253 678 1303 duo
697 1256 850 1303 ornamenta
866 1251 985 1303 altarium
1006 1251 1176 1303 mediocriter
1189 1252 1287 1303 usitata
1299 1253 1332 1302 de
1345 1252 1421 1304 bisso
1433 1254 1524 1304 rubea.
1537 1251 1658 1304 Tercium

394 1345 576 1392 oruamentum
595 1341 687 1393 altaris
707 1341 829 1392 similiter
848 1339 1019 1392 mediocriter
1037 1338 1163 1391 usitatum
1183 1341 1215 1391 de
1234 1340 1319 1405 bisso,
1336 1340 1435 1392 coloris
1452 1341 1609 1392 declinantis
1625 1342 1658 1391 ad

394 1429 577 1480 subcinereum
603 1431 727 1481 colorem.
746 1429 807 1480 illia
830 1429 881 1480 tria
904 1433 1059 1480 ornamenta
1078 1429 1199 1480 altarium
1219 1431 1252 1480 de
1269 1429 1343 1480 thela
1361 1429 1433 1494 picta
1451 1429 1540 1480 serico
1561 1429 1659 1480 diversi

394 1517 502 1582 coloris,
522 1517 693 1569 mediocriter
717 1518 824 1569 usitata.
842 1517 901 1568 illia
925 1521 1038 1582 quatuor
1063 1521 1218 1568 ornamenta
1241 1517 1362 1568 altarium
1386 1519 1420 1568 de
1437 1519 1492 1568 tela
1511 1518 1580 1569 alba.
1599 1516 1661 1568 Alia

393 1609 507 1670 quatuor
526 1610 680 1658 ornamenta
700 1605 822 1656 altarium
847 1607 881 1656 de
902 1605 958 1656 tela
976 1604 1059 1670 nigra.
1081 1633 1111 1640 -
1132 1605 1197 1657 Item
1219 1606 1377 1657 candelabra
1395 1611 1458 1657 octo
1478 1620 1587 1670 cuprea,
1607 1607 1659 1658 duo

395 1695 504 1759 maiora,
523 1694 576 1746 alla
599 1709 647 1745 sex
672 1708 741 1744 nova
764 1693 908 1757 medioera,
928 1692 994 1744 satis
1020 1693 1211 1758 competeucia.
1230 1693 1345 1758 Ampule
1371 1694 1423 1746 duo
1447 1707 1538 1758 parve,
1558 1708 1609 1745 une
1628 1695 1660 1744 de

397 1785 513 1848 plumbo,
527 1783 579 1834 alie
599 1785 631 1834 de
650 1786 720 1834 vitro
740 1782 868 1833 cristallo.
883 1809 916 1819 —
935 1781 1000 1832 item
1020 1782 1072 1833 duo
1091 1780 1209 1833 llissalia
1228 1781 1254 1832 iu
1272 1795 1443 1848 pargameuq
1459 1796 1536 1833 mauu
1553 1782 1662 1846 scripta,

396 1873 462 1926 satis
482 1871 673 1936 competeucia
692 1869 758 1922 Tres
779 1871 887 1936 carpyth
908 1870 1008 1922 coloris
1029 1869 1108 1921 viridi
1128 1869 1226 1935 depicti
1242 1869 1362 1936 floribus,
1372 1873 1426 1936 jam
1439 1871 1466 1923 ln
1479 1871 1574 1922 maiori
1587 1875 1663 1935 parte

396 1959 487 2014 usitati
515 1961 547 2011 ad
575 1973 682 2012 scamna
710 1959 809 2025 imponi
833 1960 961 2012 valencia.
988 1957 1180 2010 Candelabrum
1207 1958 1354 2024 impensum
1378 1964 1440 2010 aute
1466 1959 1551 2010 maius
1579 1961 1663 2011 altare

397 2063 529 2114 cupreum,
549 2051 581 2100 ad
601 2061 649 2100 sex
668 2049 800 2112 candelas,
820 2048 885 2099 satis
905 2051 1070 2112 competens.
1086 2045 1214 2100 -Unum
1231 2047 1367 2099 humerale
1383 2063 1483 2114 vagans
1501 2050 1532 2100 de
1548 2062 1664 2113 purpura

397 2140 478 2189 ruben
503 2139 630 2188 deaurata
650 2151 754 2199 novum,
773 2137 840 2188 satis
866 2138 970 2189 bouum.
992 2137 1124 2201 Campaue
1146 2140 1210 2200 tres,
1229 2151 1280 2188 nna
1304 2150 1399 2202 magna
1424 2150 1476 2202 qua
1495 2137 1612 2202 populns
1633 2137 1664 2188 ad

398 2227 487 2279 divina
505 2226 635 2277 audienda
654 2225 745 2277 venire
765 2225 920 2290 insignatur,
934 2225 986 2276 alie
1002 2226 1053 2276 due
1069 2239 1151 2289 parve
1168 2225 1194 2276 in
1208 2224 1323 2276 ecclesia
1335 2238 1385 2288 pro
1398 2224 1529 2290 signando
1544 2223 1665 2276 Sanctus.

396 2315 497 2366 Tabule
517 2319 632 2380 quatuor
650 2314 741 2364 altaris
760 2315 838 2379 boue,
860 2312 985 2378 imposite
1004 2313 1090 2366 altari.
1116 2311 1216 2366 Stallus
1235 2314 1321 2364 bouus
1340 2327 1390 2377 pro
1409 2314 1511 2364 duabus
1531 2313 1665 2377 personis.

398 2405 525 2456 Fenestre
554 2405 633 2468 hone,
659 2403 808 2468 composite
833 2408 860 2454 et
884 2403 973 2454 clause
998 2417 1055 2454 cnm
1080 2401 1156 2454 vitris
1182 2402 1262 2452 ruodo
1288 2405 1427 2453 consueto.
1455 2399 1581 2468 Quinque
1606 2401 1666 2452 libri

399 2493 508 2558 antiqui,
527 2493 667 2545 videlicet:
694 2494 745 2544 duo
765 2491 897 2544 breviaria
921 2491 948 2542 in
968 2505 1139 2557 pargameuo,
1158 2503 1236 2541 unum
1256 2489 1365 2542 missale
1383 2487 1508 2542 similiter
1526 2489 1553 2542 iu
1572 2503 1666 2556 parga-

399 2571 486 2648 meno,
506 2586 614 2649 quartus
633 2581 753 2646 pensius,
772 2579 876 2646 quintus
896 2579 964 2632 liber
982 2579 1195 2644 supplementum
1209 2577 1286 2645 juris.

506 2668 617 2734 Super
642 2668 816 2720 clenodiis
842 2669 966 2720 domus.
992 2665 1109 2718 Scutelle
1134 2667 1259 2732 plumbee
1284 2667 1310 2719 in
1333 2671 1393 2720 toto
1412 2673 1525 2734 septem,
1546 2672 1603 2719 tres
1623 2667 1668 2719 mi-

401 2776 488 2826 nores,
510 2763 622 2826 quatuor
641 2753 798 2808 mediocres.
812 2755 877 2807 item
896 2769 978 2820 parve
995 2757 1053 2820 due,
1067 2754 1191 2806 similiter
1205 2755 1337 2819 plumbee.
1351 2754 1415 2807 item
1428 2757 1515 2820 pelvis
1529 2757 1564 2807 de
1577 2771 1669 2820 cupro,

400 2851 467 2901 satis
487 2850 649 2912 competens.
669 2843 822 2896 Hortarium
842 2858 966 2908 cupreum
983 2845 1052 2908 vigo
1073 2857 1206 2908 mosqyar,
1225 2857 1284 2894 cum
1303 2845 1437 2908 cambuca,
1456 2842 1519 2896 licet
1536 2845 1563 2896 in
1584 2846 1668 2896 latere

399 2940 484 2990 lesum
504 2950 556 2988 uon
581 2937 715 2986 nocenter.
734 2931 797 2984 'iria
817 2937 930 2997 cautere,
950 2946 1027 2984 uuum
1053 2932 1137 2984 maius
1160 2933 1323 2984 contendeus
1342 2931 1408 2985 duas
1427 2933 1524 2998 plutas,
1545 2932 1599 2985 alia
1617 2935 1669 2984 duo

401 3043 448 3093 per
466 3039 542 3078 uuam
561 3023 669 3088 piutam.
689 3021 757 3074 Octo
776 3021 844 3074 disci
863 3021 988 3087 plumbei,
1007 3021 1073 3072 satis
1087 3025 1280 3085 competentes.
1293 3018 1352 3072 Due
1368 3022 1467 3085 patelle
1481 3023 1551 3087 wigo
1565 3035 1670 3087 pousry,

401 3130 452 3166 una
470 3113 563 3170 maior,
582 3109 634 3163 alia
653 3110 744 3163 minor.
772 3111 884 3161 Coclear
902 3123 979 3161 uuum
999 3109 1121 3174 lerreunr,
1141 3115 1242 3162 rostos.
1262 3107 1321 3160 Duo
1341 3109 1457 3161 caldaria
1475 3109 1573 3176 ferrea,
1593 3123 1670 3161 unum

402 3203 494 3266 malus,
515 3201 586 3253 aliud
610 3200 703 3252 minus.
729 3199 920 3250 Candelabrum
948 3211 1072 3263 cupreum
1097 3213 1161 3262 pro·
1175 3212 1274 3250 mensa.
1294 3197 1352 3250 Una
1376 3198 1504 3262 amphora
1528 3212 1578 3263 pro
1599 3199 1670 3250 oleo.

401 3291 494 3356 Trigre
519 3290 591 3340 leree
620 3285 734 3353 quinque
760 3287 923 3352 pertinentes
949 3288 980 3338 ad
1008 3287 1101 3338 idriam
1127 3301 1176 3352 pro
1201 3301 1271 3352 aqua
1296 3287 1455 3352 recipienda.
1477 3283 1588 3351 Spouda
1614 3301 1671 3337 cum

403 3378 532 3445 pulvinari
551 3391 603 3428 uuo
623 3381 764 3440 cooperto,
785 3377 874 3426 dwzua
893 3379 999 3440 vocato,
1019 3374 1101 3441 picto,
1119 3374 1206 3428 trihus
1226 3375 1401 3426 cervicalibus
1422 3371 1498 3425 undis
1517 3379 1546 3424 et
1565 3376 1670 3426 dnobus

403 3466 516 3518 cussinis
545 3465 628 3516 undis.
655 3463 772 3515 ldeusale
800 3478 878 3515 uuum
908 3464 1078 3516 mediocriter
1106 3464 1239 3516 usitatum.
1266 3462 1323 3514 Una
1350 3475 1449 3526 mensa,
1468 3461 1570 3512 habens
1595 3463 1670 3513 inse

403 3555 516 3606 ladulam
544 3553 609 3604 satis
629 3553 725 3604 bonam
744 3559 880 3604 serratam.
901 3551 953 3604 Sex
973 3554 1051 3605 lauda
1070 3553 1213 3616 mediocre,
1234 3568 1285 3618 que
1307 3553 1451 3604 secuudum
1470 3549 1672 3602 estimsciunem

404 3641 629 3694 conscienciosam
649 3641 800 3692 executoris
820 3643 931 3694 condam
951 3640 1111 3694 venerabilis
1130 3641 1228 3693 domini
1240 3641 1367 3708 johannis
1387 3637 1567 3690 archidiaconi
1581 3653 1675 3690 varas·⁸

404 3729 521 3781 dineusis
544 3733 577 3778 et
605 3729 723 3780 canonici
746 3727 860 3781 ecclesie
885 3730 1077 3794 sagrabiensis‚
1099 3744 1147 3781 uec
1170 3744 1222 3780 uon
1245 3729 1356 3781 rectoris
1376 3727 1496 3778 eiusdem
1516 3726 1671 3791 hospitalis,

405 3818 448 3883 qui
468 3832 500 3868 ea
517 3818 662 3881 legaverat,
681 3817 804 3867 valebant
823 3817 940 3869 florenos
960 3822 1015 3868 tres
1035 3819 1067 3868 ad
1088 3830 1223 3871 summum.
1245 3815 1366 3882 Quinque
1386 3815 1501 3880 ligones.
1523 3813 1581 3866 Una
1601 3815 1674 3866 scala

405 3905 497 3958 maior.
524 3904 654 3955 Calmaria
682 3905 742 3956 duo.
769 3903 871 3955 Scrinia
898 3919 948 3969 pro
977 3907 1165 3958 conservandis
1192 3905 1321 3956 clenodiis
1345 3905 1406 3956 duo.
1426 3902 1511 3954 Unum
1538 3905 1674 3954 vasculum

406 4007 462 4044 cum
482 3999 559 4044 aceto
579 3993 604 4044 iu
624 3997 717 4058 quarta
734 3997 818 4057 parte.
837 3993 910 4044 Vasa
929 4009 1012 4046 vacua
1031 4001 1058 4046 et
1077 3995 1178 4046 maiora
1191 4001 1218 4046 et
1231 3993 1377 4046 mediocria
1389 4006 1446 4056 sex,
1462 3993 1515 4043 duo
1529 4006 1589 4042 cum
1604 3977 1673 4042 vino,

405 4079 465 4130 Duo
484 4081 556 4130 dolia
574 4081 718 4132 mediocria
736 4081 843 4135 usitata.
859 4080 924 4133 Tres
944 4084 999 4134 tine
1019 4083 1175 4134 mediocres.
1193 4081 1253 4134 Duo
1272 4096 1338 4133 vasa
1355 4081 1418 4145 viui,
1437 4095 1514 4131 unum
1535 4080 1674 4131 continens

407 4168 517 4217 cubulos
542 4166 592 4218 Lll.
612 4169 752 4234 mediocre,
771 4183 896 4234 vacuum;
916 4171 987 4222 aliud
1016 4185 1063 4222 vas
1088 4171 1142 4222 vini
1166 4171 1278 4234 acetosi,
1298 4172 1366 4221 beue
1392 4183 1442 4234 per
1461 4170 1528 4219 duos
1549 4166 1674 4220 denarios

406 4254 482 4304 vendi
501 4253 621 4318 valentis,
642 4258 795 4308 cubulorum
808 4256 918 4310 XXXVl.
934 4256 1013 4310 Serre
1031 4263 1087 4310 tres
1101 4259 1167 4310 satis
1182 4262 1377 4324 competentes.
1392 4256 1523 4308 Fenestre
1536 4258 1676 4307 domorum

408 4341 498 4391 debito
517 4343 595 4393 modo
614 4344 703 4394 clause
729 4358 786 4394 cum
804 4346 890 4397 vitris.
910 4347 994 4398 Habet
1014 4348 1097 4398 eciam
1123 4345 1226 4400 canalia
1246 4353 1273 4398 et
1291 4347 1478 4410 lakomnyczas
1499 4345 1596 4396 bonas.
1616 4342 1675 4394 Duo

407 4428 504 4490 scaphi.
525 4427 644 4494 Quinque
662 4431 755 4483 dorent
776 4433 808 4484 ad
827 4447 966 4498 pauperes.
987 4432 1096 4499 Septem
1115 4434 1209 4487 doreni
1229 4438 1260 4487 ad
1281 4448 1413 4500 pauperes
1431 4431 1618 4486 distribuendi.

513 4513 707 4582 Registrurn
736 4534 773 4571 su
780 4535 840 4584 per
864 4520 1010 4586 juribus.
1029 4522 1094 4574 item
1107 4538 1156 4575 sex
1168 4523 1312 4589 privilegia
1324 4537 1406 4588 super
1419 4519 1520 4586 prediis
1534 4519 1677 4586 Korythno

410 4603 435 4648 et
455 4599 674 4670 Symoncheuacz,
693 4611 771 4658 sexta
787 4610 841 4673 iam
861 4610 957 4661 delicit.
972 4609 1032 4662 Duo
1053 4612 1195 4678 privilegia
1214 4627 1295 4677 super
1313 4611 1394 4664 terris
1414 4610 1561 4661 arabilibus
1573 4609 1678 4662 Andree

410 4684 503 4738 Poloul
530 4689 655 4753 hospitali
682 4693 758 4746 datis.
785 4695 955 4762 Privilegium
984 4713 1065 4762 super
1089 4701 1214 4752 libertate
1239 4701 1351 4766 terragii
1376 4696 1527 4763 hospitalis.
1551 4726 1584 4736 -
1612 4697 1677 4750 item

411 4769 576 4836 privilegium
594 4777 684 4830 Brlctil
704 4796 785 4846 super
803 4777 888 4849 vinea,
909 4800 986 4850 quarn
1005 4787 1109 4838 blasius
1131 4789 1247 4840 carnifex
1267 4789 1387 4840 dedisset
1406 4785 1594 4839 tor.v111.—
1613 4786 1678 4838 item

411 4855 576 4951 privilegium
599 4879 678 4929 super
701 4870 848 4921 collacione
871 4873 1006 4924 cuiusdam
1029 4876 1137 4926 deserte
1157 4877 1235 4927 vinee
1254 4875 1398 4941 hospitalis
1430 4903 1462 4912 -
1481 4874 1550 4925 item
1569 4875 1678 4939 privile·

412 4955 481 5007 grum
501 4957 580 5010 super
600 4950 686 5005 lenile.
708 4984 736 4990 —
758 4956 823 5008 item
843 4958 1011 5026 privilegium
1031 4976 1114 5027 super
1133 4964 1236 5016 vlueam
1255 4963 1417 5030 Kameuyalc
1431 4993 1466 5002 -
1485 4961 1550 5014 item
1570 4963 1678 5028 privile·
