3732 5802
421 553 480 612 ¹50
835 533 909 590 Dec.
933 545 1001 607 123.
1026 562 1065 574 -
1089 530 1146 588 Aa.
1170 526 1259 604 1516.

416 759 573 819 decanum
597 771 628 819 et
651 757 899 840 prebendatium
923 756 1011 818 chori
1033 757 1165 818 ecclesie
1186 771 1292 819 nostre
1309 757 1524 839 zagrabiensis
1540 757 1681 838 predicte

416 879 580 945 totamque
615 863 879 926 communitatem
914 883 971 925 seu
1005 863 1179 944 collegium
1215 863 1500 945 prebendariorum
1536 863 1681 924 eiusdem

416 970 548 1032 ecclesie
580 970 679 1032 veluti
713 970 745 1031 in
780 989 908 1031 causam
941 981 1089 1031 attractos
1123 954 1155 1031 et
1185 969 1292 1030 minus
1323 967 1515 1051 principales
1546 969 1585 1030 ab
1618 968 1682 1030 alia

416 1076 569 1159 partibus,
593 1075 633 1136 de
657 1089 688 1136 et
710 1095 806 1157 super
836 1075 978 1156 quodam
1003 1076 1119 1137 balneo
1143 1095 1241 1158 penes
1269 1075 1403 1136 fluvium
1427 1074 1680 1157 Medwednycza

416 1195 564 1243 vocatum
589 1201 626 1241 ex
650 1181 799 1263 opposito
824 1180 990 1242 cuiusdam
1015 1181 1195 1244 molendini
1212 1181 1252 1243 ad
1270 1181 1388 1243 dictam
1405 1181 1571 1243 ecclesiam
1589 1183 1682 1242 beate

416 1288 548 1370 virginis
582 1287 763 1369 spectantis,
796 1287 828 1349 in
864 1287 993 1369 dyocesi
1029 1301 1059 1348 et
1094 1288 1248 1369 comitatu
1283 1287 1481 1368 zagrabiensi
1516 1287 1682 1365 existente,

417 1392 627 1474 eiusdemque
659 1392 860 1474 possessione
892 1405 1001 1456 contra
1026 1393 1200 1475 prelibatos
1224 1393 1416 1475 Dyonisium
1440 1393 1610 1472 decanum,
1633 1406 1681 1454 to-

417 1501 546 1581 'tamque
578 1499 841 1561 communitatem
873 1512 904 1560 et
935 1498 1109 1580 collegium
1141 1499 1428 1582 prebendariorum
1456 1519 1563 1560 coram
1588 1500 1683 1561 nobis

417 1605 629 1668 deductorum
664 1605 796 1666 materia
832 1605 1025 1685 questionis;
1052 1605 1106 1666 lite
1143 1605 1238 1687 igitur
1273 1625 1380 1666 coram
1416 1606 1509 1667 nobis
1540 1607 1683 1688 capitulo

417 1713 566 1775 videlicet
596 1711 692 1773 huius
724 1711 808 1774 alme
839 1711 971 1773 ecclesie
1007 1711 1221 1793 zagrabiensis
1251 1709 1411 1792 judicibus
1443 1710 1614 1773 ordinariis
1645 1732 1682 1772 ex

416 1820 596 1900 juramento
627 1818 772 1900 parcium
804 1818 935 1900 prestito
970 1817 1124 1898 legittime
1154 1829 1338 1896 contestata,
1363 1816 1485 1896 litteris,
1509 1818 1684 1900 scripturis,

415 1924 751 2006 juribus,litteralibus
772 1925 990 1986 instrumentis
1006 1944 1042 1986 ac
1066 1924 1285 1985 monumentis
1308 1923 1382 1985 hinc
1407 1923 1482 1986 inde
1507 1943 1563 2007 per
1577 1939 1683 2006 partes

417 2031 580 2114 productis
610 2044 641 2092 et
669 2030 828 2110 exhibitis,
851 2031 981 2092 tandem
1013 2029 1206 2092 renunciatis
1237 2049 1293 2112 pet
1317 2029 1446 2091 easdem
1470 2043 1576 2112 partes
1609 2029 1684 2091 hinc

418 2137 491 2198 inde
516 2137 723 2200 ulterioribus
753 2136 1026 2219 produccionibus
1050 2149 1080 2197 et
1107 2136 1374 2198 altercacionibus
1397 2136 1430 2197 in
1454 2155 1548 2198 causa
1573 2136 1684 2198 huius-

417 2242 506 2305 modi
531 2263 587 2325 per
610 2243 710 2304 dictas
734 2255 838 2324 partes
870 2241 1019 2304 concludi
1043 2255 1187 2323 petentes
1218 2242 1434 2303 conclusimus
1458 2257 1489 2304 et
1512 2241 1686 2304 habuimus

416 2368 475 2431 pro
499 2349 661 2411 concluso.
685 2349 753 2409 Nos
776 2349 872 2430 igitur
895 2347 971 2409 visis
992 2360 1022 2410 et
1040 2347 1157 2409 auditis
1174 2348 1343 2428 diligenter
1360 2347 1491 2428 juribus,
1509 2349 1685 2431 scripturis,

417 2455 529 2517 litteris
545 2469 576 2516 et
590 2455 781 2516 litteralibus
794 2455 1022 2533 instrumentis,
1035 2454 1349 2536 probacionibusque
1363 2468 1394 2516 et
1407 2455 1526 2516 mutuis
1539 2456 1685 2537 parcium

417 2561 669 2642 allegacionibus
693 2573 723 2622 et
747 2561 930 2622 racionibus
953 2561 1089 2641 cognitis
1112 2574 1142 2622 et
1165 2561 1362 2642 investigatis
1378 2561 1418 2622 ad
1434 2561 1569 2642 plenum
1587 2561 1686 2644 ipsius

418 2687 510 2728 cause
534 2667 654 2728 meritis
677 2666 823 2748 diligenti
849 2666 1086 2728 deliberacione
1118 2667 1284 2749 prehabita
1307 2668 1439 2729 servatis
1464 2667 1503 2728 de
1528 2666 1599 2747 jure
1623 2687 1685 2728 ser-

417 2773 483 2836 vari
509 2773 711 2850 debentibus,
735 2773 922 2834 huiusmodi
957 2773 1064 2854 itaque
1089 2787 1120 2834 et
1143 2773 1214 2834 aliis
1247 2773 1496 2835 racionabilibus
1521 2794 1560 2836 ex
1584 2775 1687 2836 causis

417 2882 561 2942 animum
575 2893 718 2942 nostrum
741 2881 781 2942 ad
799 2880 830 2942 id
848 2881 1062 2958 moventibus,
1079 2881 1169 2960 moti,
1186 2880 1307 2942 inducti
1325 2895 1356 2943 et
1373 2879 1548 2960 informati,
1567 2881 1686 2944 Christi

418 2987 549 3048 nornine
573 2987 732 3066 invocato,
746 2987 889 3068 partibus
914 3001 1043 3069 propter
1067 2987 1127 3048 hoc
1152 2987 1184 3048 in
1202 2999 1307 3048 nostra
1325 2988 1487 3069 presencia
1505 2989 1686 3050 constitutis

418 3105 449 3153 et
472 3091 568 3152 linem
593 3093 637 3154 rei
662 3107 692 3153 et
716 3113 809 3154 cause
826 3093 962 3174 imponi,
981 3094 1242 3174 sententiamque
1264 3091 1467 3155 diffinitivam
1485 3092 1560 3154 lerri
1579 3108 1709 3176 postu.

418 3197 568 3276 lantibus,
594 3218 652 3280 pro
685 3199 836 3260 tribunali
869 3199 1026 3278 sedentes,
1051 3198 1148 3260 deum
1176 3212 1206 3260 et
1229 3199 1298 3260 eius
1321 3199 1479 3280 justiciam
1504 3219 1560 3282 pre
1585 3203 1687 3263 oculis

419 3303 600 3384 habentes,¹
614 3324 671 3386 per
695 3304 775 3365 hanc
807 3319 948 3366 nostram
975 3305 1169 3367 sentenciam
1195 3303 1398 3366 diffinitivam
1422 3305 1452 3366 in
1478 3305 1540 3367 hiis
1564 3309 1687 3390 scriptis

418 3409 679 3490 pronunciamus,
704 3409 906 3472 decernimus
930 3425 961 3473 et
985 3411 1203 3472 declaramus:
1232 3411 1388 3472 Balneum
1413 3412 1593 3493 litigiosum
1619 3434 1686 3496 pre-

418 3513 539 3575 dictum
564 3534 620 3596 per
644 3529 813 3577 annotatos
837 3516 1031 3599 Dyonisium
1056 3517 1212 3578 decanum
1237 3530 1403 3598 totamque
1420 3520 1685 3581 communitatem

418 3639 473 3679 seu
496 3621 669 3702 collegium
695 3622 980 3702 prebendariorum
1005 3623 1088 3684 dicte
1112 3623 1245 3684 ecclesie
1269 3625 1485 3704 zagrabiensis
1508 3625 1642 3707 pacifice
1658 3641 1687 3687 et

419 3725 525 3805 quiete
548 3739 643 3807 prout
667 3741 697 3788 et
721 3727 872 3790 hactenus
896 3749 913 3790 a
936 3743 1081 3811 tempore
1105 3730 1196 3790 cuius
1220 3729 1307 3791 inicii
1336 3731 1492 3792 memoria
1516 3732 1684 3794 hominum

418 3850 483 3891 non
515 3831 629 3910 existit,
652 3846 771 3913 tenere,
793 3833 921 3912 habere,
946 3835 1119 3916 possidere,
1144 3855 1249 3918 eoque
1282 3837 1325 3898 uti
1361 3851 1391 3898 et
1415 3835 1477 3898 frui
1502 3858 1598 3919 posse
1623 3859 1684 3901 nou

418 3937 562 3998 obstante
602 3939 834 4002 reclamacione
872 3941 1020 4022 prelibati
1057 3941 1212 4004 Demetrii
1247 3944 1412 4025 prepositi,
1449 3943 1508 4004 sub
1544 3946 1685 4007 articulis

417 4055 534 4120 tamen,
559 4043 878 4126 condicionibusque,
901 4046 1063 4126 clausulis,
1088 4049 1214 4129 punctis
1247 4063 1277 4110 et
1311 4049 1543 4130 legacionibus,
1569 4052 1685 4131 quibus

418 4145 633 4207 mediantibus
668 4150 859 4211 venerabilis
891 4151 1028 4213 condam
1060 4154 1287 4236 Wyunandus,
1318 4154 1441 4217 ordinis
1465 4155 1687 4219 Cisterciensis

418 4249 516 4310 abbas
546 4265 621 4312 tunc
652 4255 834 4315 monasterii
870 4255 952 4318 dicte
985 4259 1117 4320 ecclesie
1143 4261 1233 4321 beate
1257 4260 1391 4342 virginis
1415 4261 1454 4322 de
1478 4281 1554 4324 area
1579 4277 1683 4326 nostra

417 4355 581 4435 capitulari
613 4359 810 4437 zagrabiensi
842 4382 915 4423 cum
947 4377 1016 4426 toto
1048 4379 1207 4427 conventu
1233 4367 1295 4428 loci
1321 4367 1476 4447 eiusdem,
1502 4368 1683 4432 honorabili

418 4460 554 4523 condam
588 4463 687 4524 Paulo
712 4463 937 4529 archidiacono
961 4471 1156 4532 kamarcensi
1182 4485 1212 4533 et
1236 4473 1392 4535 canonico
1418 4474 1518 4556 ipsius
1554 4477 1682 4538 ecclesie

418 4578 523 4626 nostre
540 4570 752 4648 zagrabiensis
769 4585 799 4632 et
812 4571 961 4634 fratribus
977 4576 1042 4637 suis
1057 4579 1294 4658 possessionem
1312 4581 1411 4661 ipsius
1429 4579 1537 4642 balnei
1555 4581 1683 4663 litigiosi

419 4680 449 4728 et
473 4689 537 4731 non
563 4675 787 4754 proprietatem
812 4697 885 4738 cum
910 4681 999 4741 omni
1024 4683 1189 4764 potestatis
1213 4684 1349 4746 dacione
1367 4686 1541 4765 vendendi,
1559 4687 1683 4769 legendi

418 4785 471 4832 aut
492 4795 549 4855 pro
573 4797 606 4838 se
629 4781 759 4841 tenendi
783 4795 814 4844 et
837 4787 1045 4848 conservandi
1081 4788 1113 4848 in
1138 4787 1272 4851 feudum
1297 4791 1442 4871 dederat,
1466 4793 1631 4856 locaverat
1653 4809 1683 4855 et

419 4879 605 4959 contulerat,
639 4885 726 4964 quod
758 4887 907 4950 videlicet
945 4912 1003 4972 pro
1033 4913 1130 4955 censu
1160 4915 1269 4958 annuo
1294 4897 1394 4980 ipsius
1419 4899 1527 4960 balnei
1553 4900 1681 4980 litigiosi

421 4993 556 5058 quatuor
587 5005 698 5066 pensas
730 4989 936 5056 denariorum
961 5011 1088 5060 monete
1114 5020 1173 5082 pro
1197 5014 1343 5086 tempore
1368 5006 1523 5066 currentis
1548 5005 1682 5068 infesto
