3900 5804
704 508 824 566 Statreta
847 509 1142 568 Praebenaars'orum.
1486 533 1542 592 311

283 734 512 816 misericordie,
536 747 567 797 et
590 734 704 796 diebus
728 735 909 815 dominicis,
933 754 1060 797 necnon
1084 734 1171 796 feriis
1194 737 1342 798 secundis
1376 737 1545 800 noviluna·

283 842 367 903 libus
390 841 568 921 antedictis,
592 841 637 902 sic
661 853 695 902 ut
728 840 908 923 predictum
940 853 996 920 est,
1028 841 1236 903 decantandis
1268 842 1423 922 intersint,
1448 857 1479 904 et
1512 844 1545 906 in

283 967 340 1009 suo
376 947 489 1009 ordine
514 947 651 1029 quilibet
674 960 744 1009 stet.
782 948 822 1009 Et
846 947 934 1028 quod
966 947 1074 1009 nullus
1104 967 1160 1030 per
1194 949 1362 1010 ecclesiam
1393 949 1548 1012 discurrat

283 1053 333 1114 vel
356 1052 541 1115 deambulet
565 1066 619 1115 aut
643 1051 865 1116 confabuletur
888 1073 945 1136 per
976 1073 1008 1114 se
1032 1066 1087 1116 aut
1110 1053 1190 1116 alios
1221 1053 1261 1116 ad
1296 1054 1357 1116 boc
1387 1054 1543 1118 trahendo

283 1179 318 1220 ac
341 1180 360 1220 a
376 1159 549 1221 devotione
567 1158 786 1241 impediendo,
804 1179 862 1220 nec
878 1172 955 1220 tunc
967 1159 1093 1242 (quuml
1107 1147 1273 1241 presbiteri
1290 1158 1400 1222 fratres
1416 1161 1545 1223 missam

283 1265 408 1342 dicant;
425 1264 480 1328 sed
504 1265 581 1348 ipsis
604 1262 718 1328 officiis
741 1264 835 1347 plene
859 1264 1015 1346 expeditis
1039 1279 1070 1326 et
1092 1264 1200 1344 finitis,
1221 1277 1316 1348 prout
1338 1267 1484 1349 superius
1500 1279 1547 1329 est

282 1389 475 1452 expressum,
500 1383 559 1434 etc.

385 1549 466 1608 Perre
488 1549 522 1606 de
543 1549 712 1622 neglectione
733 1548 896 1606 diarritorum
920 1549 1082 1624 qffieiorum
1104 1550 1194 1623 e'psius
1216 1549 1379 1608 Kalendim'
1404 1557 1459 1608 aut
1477 1568 1543 1609 con·

274 1655 486 1730 fratemitatis.

387 1758 581 1840 Quicunque
605 1778 642 1819 ex
667 1756 824 1830 fratribus,
849 1757 986 1820 Placebo
1015 1758 1181 1839 usquead
1212 1757 1347 1820 tercium
1371 1759 1543 1841 psalmum,

281 1864 407 1945 Vigiliis
431 1879 634 1926 mortuorum
657 1864 823 1946 usquead
847 1865 988 1946 primum
1013 1864 1184 1945 psalmum,
1207 1864 1312 1926 missis
1343 1884 1419 1926 vero
1444 1885 1545 1947 usque

280 1970 320 2031 ad
344 1970 478 2032 tercium
502 1971 590 2032 Kirie
614 1971 647 2032 in
670 1971 822 2053 pretactis'
842 1969 1076 2050 festivitatibus,
1101 1971 1145 2032 sic
1181 1984 1216 2032 ut
1238 1970 1384 2053 superius
1416 1970 1544 2033 ordina·

280 2089 349 2137 tum
373 2088 430 2154 est,
454 2076 605 2138 interesse
629 2077 769 2138 noluerit
793 2089 848 2138 aut
870 2076 1047 2158 neglexerit
1070 2076 1122 2137 vel
1146 2075 1366 2138 interessendo
1398 2095 1463 2138 non
1490 2076 1544 2139 de-

281 2182 402 2242 votioni
427 2181 483 2242 sed
507 2181 663 2244 discursui
687 2201 744 2264 per
768 2182 935 2243 ecclesiam
960 2195 991 2242 et
1014 2181 1269 2243 deambulationi
1285 2202 1350 2243 non
1368 2183 1544 2244 necessarie

200 2324 201 2327 =
280 2301 335 2350 aut
358 2288 467 2348 innani
492 2286 746 2349 confabulationi
770 2289 939 2366 vacaverit,
956 2306 1012 2349 seu
1029 2287 1163 2369 aliquod
1178 2307 1302 2367 eorum,
1320 2307 1383 2369 que
1399 2288 1546 2371 superius

281 2393 380 2456 relata
403 2408 487 2473 sunt,
510 2412 569 2455 suo
593 2393 693 2455 modo
717 2407 748 2455 et
771 2393 884 2456 ordine
915 2413 981 2454 non
1006 2393 1230 2476 adimpleverit
1262 2413 1317 2476 per
1348 2414 1381 2455 se
1413 2394 1462 2456 vel
1487 2414 1545 2477 per

280 2500 389 2579 alium,
413 2519 472 2582 pro
496 2499 640 2581 qualibet
668 2499 875 2581 negligentia,
906 2498 1034 2561 defectu
1065 2513 1119 2560 aut
1150 2519 1279 2561 excessu
1304 2499 1481 2582 privabitur
1510 2500 1544 2562 in

281 2605 391 2667 decem
425 2605 564 2666 denariis
597 2605 835 2667 viennensibus.
872 2605 937 2678 Qui
975 2624 1051 2666 vero
1088 2605 1246 2687 predictas
1273 2605 1395 2684 missas,
1418 2605 1545 2687 vigilias

281 2725 493 2790 mortuorum,
517 2711 656 2772 Placebo
680 2725 711 2772 et
734 2711 796 2772 alia
820 2709 1001 2793 supradicta
1026 2711 1058 2772 in
1082 2723 1151 2773 toto
1178 2711 1364 2792 neglexerit,
1395 2711 1429 2772 in
1465 2731 1543 2794 qua·

280 2817 424 2898 draginta
448 2817 587 2878 denariis
610 2817 837 2879 viennensibus
849 2816 1026 2898 privabitur
1039 2837 1078 2879 eo
1102 2815 1196 2879 fact0.
1219 2817 1308 2891 Quas
1325 2817 1542 2898 negligencias

280 2923 430 2984 volumus
454 2923 570 2984 habere
595 2933 721 3004 semper
752 2922 954 3003 consignatas
985 2922 1071 3005 apud
1103 2922 1261 2984 decanum
1295 2936 1450 3003 nostrum,
1483 2937 1542 2985 etc.

382 3099 487 3160 Novus
509 3101 633 3159 decanus
655 3099 780 3174 recipiat
799 3089 940 3158 reite'ernem
962 3119 982 3157 α
1004 3119 1057 3159 sur
1072 3101 1278 3175 predecessore.

386 3214 519 3296 Semper
551 3233 654 3275 novus
678 3215 817 3275 decanus
847 3213 1007 3274 adiunctis
1036 3213 1096 3275 sibi
1129 3226 1267 3295 quatuor
1298 3213 1479 3276 senioribus
1511 3227 1543 3276 et

279 3318 463 3402 pocioribus
486 3319 709 3382 Prebendariis
732 3331 877 3380 teneatur
900 3319 1040 3402 recipere
1072 3320 1228 3381 rationem
1253 3340 1271 3381 a
1295 3339 1353 3382 suo
1376 3319 1542 3402 predeces-

280 3444 350 3486 sore
374 3424 497 3487 decano
520 3425 560 3487 de
584 3426 734 3488 omnibus
758 3425 895 3502 donatis,
928 3424 1054 3504 oblatis,
1079 3424 1195 3486 relictis
1226 3437 1257 3486 et
1289 3425 1463 3506 acquisitis,
1494 3445 1541 3486 re-

281 3533 402 3614 busque
427 3532 498 3594 aliis
521 3532 620 3614 ipsius
644 3529 911 3592 confraternitatis
946 3549 1150 3611 quecumque
1175 3529 1293 3591 fuerint
1316 3531 1427 3592 autin
1459 3550 1539 3611 quo·
1601 3543 1602 3546 ’

280 3657 418 3719 cumque
442 3637 614 3700 consistant
648 3649 680 3697 et
703 3637 819 3718 quovis
854 3635 1014 3698 vocabulo
1038 3636 1228 3716 vocitentur,
1261 3649 1293 3698 et
1327 3635 1541 3697 inventarium

279 3742 382 3806 facere
420 3743 460 3804 de
500 3743 631 3821 eisdem,
672 3755 706 3803 ut
737 3756 768 3803 et
787 3742 865 3824 ipse
898 3743 930 3802 in
969 3741 1018 3802 sui
1053 3741 1229 3802 mutatione
1262 3740 1402 3802 debitam
1437 3741 1542 3804 valeat

279 3848 382 3912 facere
405 3869 464 3911 suo
488 3849 661 3910 successori
688 3849 856 3910 rationem.

381 4047 486 4106 Novus
508 4046 630 4104 decanm
644 4054 755 4120 prestet
774 4047 988 4114 iuramentum„

384 4159 531 4233 Quilibet
553 4157 693 4220 decanus
716 4171 859 4239 tempore
883 4177 940 4219 sue
970 4156 1197 4237 assumptionis
1220 4175 1277 4217 seu
1309 4154 1475 4217 electionis
1499 4157 1539 4217 ad

266 4264 468 4334 ‚decanatum
492 4265 585 4344 iuret,
609 4265 697 4346 quod
713 4263 850 4326 fideliter
865 4262 1110 4341 administrabit,
1127 4275 1158 4323 et
1174 4261 1262 4343 quod
1279 4260 1373 4323 faciet
1388 4261 1539 4326 solertem

279 4370 479 4452 diligentiam
502 4372 534 4432 in
559 4370 759 4453 procuranda
783 4369 919 4431 utilitate
943 4383 974 4430 et
1001 4381 1175 4450 augmento
1199 4367 1298 4448 ipsius
1333 4365 1540 4430 confraterni-

277 4476 368 4553 tatis;
392 4489 423 4538 et
446 4477 534 4558 quod
558 4476 696 4538 servabit
719 4475 855 4538 fideliter
878 4488 943 4536 tam
970 4474 1076 4536 oblata
1101 4493 1199 4555 quam
1224 4471 1301 4534 alias
1317 4473 1472 4554 acquisita
1488 4475 1540 4536 vel

278 4581 388 4644 relicta
412 4582 518 4644 eidem
541 4581 802 4661 confraternitati,
827 4594 886 4644 etc.

383 4756 434 4819 De
457 4762 620 4820 visitatr'one
641 4762 821 4836 confratrum
845 4761 1038 4836 infirmorum.

384 4872 556 4936 Voluimus
580 4887 611 4935 et
633 4873 811 4951 statuimus,
836 4872 925 4954 quod
957 4871 1096 4934 decanus
1120 4883 1228 4932 noster
1257 4869 1435 4952 quemlibet
1463 4889 1539 4931 con·

278 4977 408 5040 fratrem
428 4995 573 5042 nostrum
598 4979 761 5041 infirmum
796 4978 947 5040 adminus
969 4978 1068 5039 semel
1102 4978 1133 5039 in
1166 4977 1309 5059 qualibet
1338 4976 1390 5038 die
1412 4975 1539 5037 visitare
