3732 5802
383 476 440 516 122
801 460 874 519 θοι.
900 474 968 538 104.
993 494 1034 502 -
1059 464 1116 520 An.
1141 473 1227 537 1513.

378 686 576 768 temporibus
599 686 698 748 libere
723 687 768 750 uti
794 700 825 749 et
847 687 987 770 gaudere
1010 688 1192 770 permittere
1214 701 1245 749 et
1260 687 1401 770 permitti
1419 686 1522 750 lacere
1540 687 1646 748 velitis

379 803 410 852 et
433 791 586 870 debeatis,
604 812 661 854 nec
685 813 742 855 vos
766 793 806 856 ad
828 794 913 855 bona
934 807 964 854 et
983 814 1033 855 res
1056 794 1242 857 huiusmodi
1259 794 1397 856 intestati
1414 806 1445 856 et
1462 793 1648 856 decedentis

380 898 525 960 canonici
548 898 599 960 vel
619 899 749 960 alterius
769 899 909 961 cuiusvis
925 899 1016 962 isthic
1032 899 1163 981 majoris
1179 900 1342 981 dignitatis
1359 899 1521 962 existentis
1537 913 1648 960 contra

380 1005 552 1087 prescripta
576 1004 645 1086 jura
669 1019 700 1067 et
723 1006 889 1088 privilegia
914 1005 996 1066 dicte
1021 1005 1153 1068 ecclesie
1175 1006 1289 1088 quovis
1312 1001 1405 1089 pacto
1426 1006 1573 1088 ingerere
1592 1024 1648 1066 seu

381 1110 591 1172 intromittere
623 1111 776 1190 audeatis,
801 1112 857 1174 sed
888 1111 1075 1174 huiusmodi
1106 1113 1274 1194 privilegia
1305 1125 1336 1174 et
1362 1112 1542 1174 libertatem
1566 1109 1648 1171 hanc

382 1229 521 1278 nostram
547 1217 668 1278 eisdem
693 1218 921 1300 capitularibus
941 1239 997 1300 per
1017 1238 1076 1280 nos
1099 1219 1271 1302 superinde
1288 1219 1489 1302 presentibus
1505 1218 1546 1279 de
1563 1235 1649 1278 novo

383 1342 565 1385 concessam
588 1324 708 1386 illibate
726 1343 851 1407 semper
867 1339 897 1386 et
914 1325 1103 1387 inconcusse
1119 1327 1286 1387 observare
1308 1323 1460 1386 debeatis.
1482 1324 1649 1385 Presentes

382 1448 470 1507 vem,
494 1448 573 1510 quas
596 1443 716 1491 secreto
741 1430 847 1512 sigillo
873 1444 993 1510 nostr0‚
1017 1450 1084 1514 quo
1108 1445 1142 1493 ut
1166 1451 1219 1494 rex
1244 1431 1410 1512 Hungarie
1434 1429 1567 1508 utimur,
1592 1428 1650 1488 im·

383 1534 535 1617 pendenti
561 1536 753 1597 communiri
779 1535 923 1616 iacimus,
944 1551 1017 1619 post
1036 1557 1147 1600 earum
1167 1537 1321 1600 lecturam
1337 1556 1464 1620 semper
1481 1549 1512 1598 et
1528 1535 1649 1616 ubique

383 1640 562 1702 reddendas
585 1643 790 1724 presentanti.
822 1642 940 1704 Datum
966 1643 1055 1705 Bude
1080 1645 1112 1706 in
1135 1643 1215 1706 festo
1239 1643 1323 1706 beati
1347 1643 1476 1706 Andree
1500 1640 1651 1723 apostoli.

386 1751 480 1809 Anno
504 1747 629 1810 domini
654 1749 827 1810 millesimo
851 1750 1110 1832 quingentesimo
1134 1750 1339 1814 duodecimo.
1361 1750 1561 1832 Regnorum,
1578 1766 1652 1807 nos·

386 1867 509 1914 trorum
535 1853 699 1936 Hungarie
720 1867 778 1916 etc.
808 1873 894 1917 anno
918 1855 1075 1936 vigesimo
1099 1857 1209 1936 tercio,
1234 1854 1389 1918 Bohemie
1413 1873 1490 1916 vero
1515 1852 1651 1935 quadra·

384 1959 509 2040 gesimo
533 1960 641 2022 tercio

654 2102 786 2164 Relacio
809 2105 975 2166 reverendi
999 2104 1123 2167 domini
1149 2105 1325 2185 Michaelis,
1349 2105 1445 2187 episc.
1470 2101 1652 2178 boznensis,

698 2192 857 2254 secretarii
881 2193 969 2274 regie
994 2194 1176 2256 Maiestatis.

495 2330 633 2396 Originale
661 2333 685 2383 ln
706 2333 864 2385 membrana.
890 2335 917 2384 ln
938 2334 1054 2400 margine
1075 2335 1193 2388 inferiorl
1214 2337 1347 2401 appendet
1366 2334 1492 2400 sigillum.
1511 2332 1539 2383 ln
1558 2330 1654 2382 archiv.

388 2433 446 2470 ven.
467 2419 551 2485 Capit,
573 2422 679 2486 zagrab.
699 2421 755 2472 Act.
776 2423 838 2486 Cap.
858 2427 910 2474 ant.
931 2423 995 2474 lasc.
1014 2424 1040 2475 2.
1059 2438 1097 2478 nr.
1119 2425 1140 2475 l.

977 2708 1065 2776 104.

496 2846 570 2897 Anno
593 2846 668 2910 ists,
688 2848 711 2897 t.
732 2847 867 2900 februarii.
887 2848 984 2901 Budas.

401 2972 574 3044 Vlndr'slaus,
595 2977 698 3048 Huag.
716 2984 766 3034 etc.
786 2997 850 3051 rex,
866 2981 1015 3053 praecepit
1026 2979 1158 3037 Emert'co
1173 2980 1268 3037 Peren
1288 2979 1371 3048 bano,
1388 2978 1520 3051 altisque,
1536 2992 1572 3032 ne
1588 2989 1657 3030 com-

392 3080 556 3138 munitatem
578 3082 704 3140 civitatr's
725 3083 760 3140 de
782 3102 879 3159 causa,
896 3104 984 3158 quam
1006 3087 1145 3144 adversus
1166 3087 1324 3160 capitulum
1343 3086 1414 3159 agit,
1429 3085 1460 3140 in
1475 3083 1532 3156 jus
1552 3097 1657 3146 vocem.

1081 3223 1241 3276 Commissio
1260 3221 1369 3288 propria
1388 3217 1488 3272 domini
1506 3217 1589 3283 regis.

500 3342 697 3407 Wladislaus
720 3346 772 3408 dei
795 3349 901 3429 gracia
926 3352 978 3410 r'ex
1004 3350 1169 3430 Hungarie
1190 3361 1220 3410 et
1240 3347 1395 3410 Bohemie
1415 3361 1473 3408 etc.
1492 3343 1659 3407 Fidelibus

394 3451 509 3512 nostris
540 3453 704 3533 spectabili
737 3467 768 3515 et
798 3453 970 3536 magnifico
1003 3455 1151 3518 Emerico
1179 3455 1219 3516 de
1244 3456 1344 3516 Peren
1368 3451 1479 3514 comiti
1503 3463 1659 3534 perpetuo

394 3559 657 3641 Abawyvariensi
690 3581 726 3622 ac
756 3563 846 3644 regni
878 3561 973 3624 huius
1004 3563 1102 3624 nostri
1128 3561 1293 3644 Hungarie
1324 3559 1466 3642 palatino
1497 3571 1529 3618 et
1561 3555 1658 3618 iudici

396 3663 618 3727 Comanorum
650 3681 843 3747 nostrorum,
876 3687 934 3730 nec
963 3688 1029 3731 non
1061 3688 1233 3750 regnorum
1267 3681 1451 3729 nostrorum
1484 3662 1660 3740 Dalmacie,

397 3771 531 3834 Croacie
556 3786 587 3834 et
612 3772 782 3835 Sclauonie
808 3776 903 3853 bano,
928 3775 1137 3856 eiusdemque
1161 3773 1334 3852 vicebanis,
1358 3792 1416 3833 nec
1440 3790 1506 3832 non
1531 3769 1661 3850 egregio

396 3878 547 3959 magistro
572 3879 740 3942 Francisco
768 3881 808 3943 de
832 3880 983 3944 Marocha
1010 3881 1255 3965 prothonotario
1279 3880 1368 3961 regni
1395 3876 1568 3941 Sclauonie
1594 3894 1661 3937 mo·

396 3985 508 4064 derno,
532 3984 646 4046 suturis
670 3987 770 4048 eciam
792 3987 952 4050 iudicibus
973 4002 1004 4050 et
1026 3988 1277 4072 prothonotariis
1293 3986 1438 4048 eiusdem
1454 3983 1546 4064 regni
1564 3981 1661 4044 nostri

397 4094 532 4157 salutem
557 4107 587 4155 et
609 4094 760 4175 graciam.
785 4095 964 4177 Exponitur
988 4097 1144 4158 Maiestati
1168 4111 1275 4158 nostre
1297 4095 1330 4156 in
1350 4092 1495 4176 personis
1516 4090 1663 4152 fidelium

398 4215 580 4264 nostrorum
612 4200 807 4282 prudentum
840 4215 871 4265 et
898 4204 1200 4286 circumspectorum
1225 4202 1340 4284 judicis
1363 4213 1394 4262 et
1417 4199 1597 4280 juratorum
1622 4195 1664 4258 ci·

398 4307 486 4368 vium
511 4307 645 4369 civitatis
669 4321 775 4369 nostre
799 4310 918 4371 montis
942 4309 1127 4372 Grecensis:
1161 4309 1250 4390 quod
1275 4307 1422 4389 quamvis
1447 4303 1507 4386 ipsi
1532 4303 1665 4384 antiqua

400 4412 554 4474 libertatis
586 4415 729 4495 ipsorum
761 4416 962 4496 prerogativa
993 4436 1049 4498 per
1080 4416 1172 4477 divos
1203 4414 1342 4476 condam
1369 4431 1460 4493 reges
1484 4409 1665 4490 Hungarie,

400 4517 638 4598 predecessores
670 4520 817 4583 videlicet
842 4533 978 4601 nostros,
1010 4522 1131 4584 eisdem
1159 4541 1309 4584 concessa
1333 4533 1363 4580 et
1387 4537 1443 4600 per
1466 4536 1526 4578 nos
1552 4513 1665 4576 confir-

401 4637 485 4684 mata
514 4627 704 4706 requirente,
732 4629 834 4710 prima
867 4627 972 4690 fronte
996 4649 1061 4692 non
1085 4641 1253 4691 teneantur
1276 4627 1317 4689 ad
1341 4624 1532 4688 instanciam
1562 4623 1666 4684 cuius·

403 4729 489 4810 piam
521 4731 552 4791 in
585 4751 777 4816 quacunque
808 4755 900 4798 causa
930 4755 1066 4818 usquam
1090 4737 1180 4815 alias,
1204 4736 1264 4797 nisi
1289 4753 1397 4796 coram
1421 4729 1528 4814 judice
1554 4745 1667 4790 eorum

403 4835 565 4896 ordinario
600 4837 763 4918 juristare;
807 4863 891 4906 nunc
929 4859 1035 4906 tamen
1080 4843 1291 4906 honorabiles,
1320 4839 1496 4922 capitulum
1534 4834 1667 4897 ecclesie

404 4948 616 5038 zagrabiensis
651 4971 716 5016 non
751 4954 867 5018 curatis
897 4952 1097 5026 huiusmodi¹
1115 4953 1258 5036 ipsorum
1291 4947 1491 5012 libertatibus
1526 4941 1667 5027 prelatos
