3732 5802
628 591 703 650 Doc.
728 604 794 666 123.
818 618 859 634 -ψ
884 593 941 650 An.
968 588 1056 666 1516.
1416 584 1495 675 151¹

205 815 450 878 resurreccionis
480 815 625 894 Domini,
656 835 715 878 nec
746 836 811 878 non
842 832 890 878 ter
922 819 954 878 in
987 838 1072 880 anno
1097 819 1288 902 perdecem
1323 822 1472 886 denarios

206 921 266 1003 ipsi
289 921 408 999 abbati,
433 922 692 1003 monasterioque
717 936 748 984 et
770 923 836 985 suis
859 925 1093 987 successoribus
1117 925 1192 988 dare
1209 941 1239 990 et
1256 927 1419 1010 deponere
1436 950 1473 991 ac

205 1027 339 1089 servicia
363 1026 562 1110 infrascripta
585 1027 617 1088 in
642 1029 756 1091 litteris
778 1029 929 1091 videlicet
952 1031 1016 1091 suis
1040 1030 1155 1094 exinde
1179 1031 1341 1112 conlectis,
1358 1034 1473 1096 habitis

206 1147 237 1194 et
260 1133 415 1195 emanatis
439 1146 586 1196 contenta
601 1132 704 1218 lacere
729 1148 759 1196 et
780 1135 967 1218 impendere
982 1135 1155 1218 habuisset,
1172 1138 1270 1200 iidem
1288 1153 1318 1202 et
1335 1140 1471 1202 eandem

143 1243 148 1253 '
205 1239 407 1302 solucionem
432 1239 544 1302 eadem
571 1241 786 1302 communitas
808 1261 865 1303 seu
888 1242 1062 1323 collegium
1078 1242 1202 1325 prefato
1219 1244 1384 1308 Demetrio
1401 1267 1470 1328 pre-

205 1346 310 1428 posito
334 1347 465 1428 suisque
496 1347 733 1410 successoribus
755 1348 916 1430 perpetuis
945 1347 1059 1410 futuris
1083 1351 1282 1438 temporibus
1306 1351 1392 1431 dare,
1417 1353 1470 1414 de-

205 1471 325 1533 ponere
357 1465 388 1513 et
419 1453 600 1533 persolvere
625 1453 758 1530 debest;
792 1473 939 1516 necnon
964 1475 1020 1538 per
1045 1455 1245 1519 balneatores
1269 1478 1325 1520 seu
1350 1479 1471 1520 rasores

204 1577 278 1620 suos
302 1559 334 1619 in
352 1559 468 1620 eodem
485 1559 601 1622 balneo
619 1559 793 1621 residentes
809 1560 869 1642 ipsi
888 1561 1053 1624 Demetrio
1070 1563 1232 1645 preposito
1251 1577 1281 1626 et
1298 1565 1471 1646 capellanis

204 1665 279 1743 suis,
302 1665 603 1747 successoribusque
638 1667 825 1749 eorundem,
852 1667 884 1728 in
908 1669 1000 1730 stuba
1025 1669 1164 1730 balneali
1188 1669 1296 1731 locum
1321 1671 1395 1732 dare
1420 1671 1470 1732 vel

204 1771 244 1832 ad
268 1771 404 1834 domum
428 1791 529 1851 suam,
554 1772 631 1846 dum
655 1793 712 1855 per
735 1773 840 1855 ipsum
865 1771 984 1836 luerint
1008 1775 1162 1856 requisiti,
1177 1775 1208 1836 in
1225 1775 1360 1858 singulis
1376 1777 1470 1858 quin-

205 1876 306 1956 denis,
320 1879 459 1960 exceptis
482 1878 596 1940 diebus
609 1877 686 1940 ferie
707 1891 818 1960 quarte
835 1893 866 1941 et
882 1881 1017 1959 sabbati,
1034 1895 1129 1962 prout
1146 1895 1176 1942 et
1193 1881 1469 1962 quemadmodum

205 1983 263 2065 ipsi
287 1985 393 2046 abbati
418 1983 485 2046 fieri
511 1985 780 2064 consveverat,ad
805 1985 984 2048 radendum
1009 1987 1076 2069 ipsa
1100 1988 1314 2050 communitas
1329 2008 1386 2049 seu
1405 1989 1469 2050 col·

204 2090 325 2170 legium
350 2091 487 2170 mittere,
512 2091 669 2154 destinare
702 2105 733 2154 et
756 2092 818 2154 alis
842 2093 875 2154 in
899 2093 1012 2154 litteris
1044 2093 1143 2175 ipsius
1166 2095 1289 2156 abbatis
1312 2094 1469 2176 descripta

203 2197 372 2258 observare
396 2211 542 2259 teneatur
565 2211 595 2259 et
617 2198 657 2260 sit
688 2199 829 2280 obligata
853 2200 912 2260 sub
936 2218 1035 2261 onere
1059 2200 1235 2280 solucionis
1261 2200 1373 2283 duppli
1398 2221 1468 2283 pre·-

203 2301 360 2364 dictarum
384 2317 523 2384 quatuor
545 2324 716 2387 pensarum
741 2319 771 2367 et
795 2318 841 2367 ter
865 2305 897 2366 in
922 2325 1008 2368 anno
1032 2305 1144 2368 decem
1166 2306 1372 2368 denariorum
1388 2308 1469 2369 sicut

202 2407 369 2489 prefertur,
393 2409 472 2471 alias
496 2411 555 2493 ipsi
579 2411 685 2473 abbati
710 2431 768 2494 pro
792 2432 877 2473 nunc
902 2431 979 2474 vero
1007 2413 1093 2473 dicto
1117 2412 1282 2474 Demetrio
1305 2414 1468 2496 preposito

201 2526 231 2577 et
265 2515 332 2576 suis
364 2517 600 2578 successoribus
629 2518 790 2601 perpetuis
822 2516 936 2580 futuris
967 2520 1166 2600 temporibus
1199 2519 1465 2601 provenientibus

202 2634 233 2682 et
255 2622 523 2703 persolventibus,
547 2624 781 2706 provenireque
801 2638 832 2685 et
846 2625 983 2706 persolvi
1003 2624 1213 2702 debentibus;
1230 2637 1362 2704 attento,
1379 2625 1467 2706 quod

202 2726 234 2788 in
257 2747 333 2788 casu
357 2748 423 2810 quo
447 2729 587 2811 predicta
615 2731 828 2792 communitas
853 2750 908 2792 seu
932 2726 1106 2812 collegium
1131 2725 1276 2812 neglecta
1300 2731 1466 2794 solucione

202 2853 325 2895 summe
356 2833 498 2916 predicte
525 2836 709 2919 principalis
741 2837 897 2920 dupplam
928 2837 1030 2918 ipsam
1059 2837 1226 2898 temerarie
1260 2851 1289 2898 et
1322 2857 1358 2897 ex
1383 2851 1467 2898 certa

201 2940 336 3002 sciencia
360 2953 449 3002 sexto
473 2941 525 3003 die
548 2955 620 3025 post
651 2943 823 3005 terminum
859 2944 1104 3005 resurreccionis
1131 2943 1263 3004 Domini
1288 2943 1464 3024 predictum

201 3045 335 3126 solvere,
370 3047 597 3130 deponereque
632 3049 734 3112 nollet
768 3064 799 3112 et
828 3069 893 3111 non
918 3063 1042 3111 curaret
1073 3048 1318 3131 quoquom0d0,
1351 3062 1465 3111 extunc

201 3171 308 3213 rursus
331 3153 573 3234 quintodecimo
598 3155 649 3216 die
674 3156 780 3237 ipsum
803 3169 926 3218 sextum
951 3155 1037 3218 diem
1060 3169 1135 3217 tunc
1158 3169 1346 3236 sequentem
1369 3175 1387 3215 a
1409 3154 1466 3217 do-

191 3258 302 3320 ·minio
326 3271 357 3320 et
381 3261 581 3340 possessione
598 3261 698 3344 ipsius
714 3262 820 3324 balnei
838 3262 968 3343 litigiosi
986 3262 1175 3324 destituatur
1192 3275 1223 3324 et
1238 3281 1296 3343 pro
1314 3261 1465 3324 destituto

201 3363 354 3427 habeatur
378 3385 417 3427 eo
441 3365 536 3429 lacto.
561 3367 823 3449 Qu‘ibusquidem
846 3367 1067 3430 solucionibus
1087 3381 1117 3429 et
1138 3367 1279 3430 serviciis
1299 3368 1380 3428 sicut
1395 3387 1465 3450 pre·

87 3549 91 3556 ⁸
199 3470 334 3533 mittitur
357 3492 414 3554 per
437 3473 539 3554 ipsam
562 3473 826 3536 communitatem
851 3494 906 3536 seu
930 3474 1104 3556 collegium
1129 3486 1159 3534 et
1183 3473 1326 3556 ipsorum
1344 3493 1465 3535 rasores

200 3576 289 3639 lactis
322 3590 353 3640 et
376 3576 490 3640 fiendis
513 3577 636 3661 prefato
661 3580 826 3642 Demetrio
857 3580 1019 3662 preposito
1044 3579 1172 3660 suisque
1206 3578 1319 3640 futuris
1342 3599 1464 3668 succes-

113 3695 116 3702 '
198 3683 325 3746 soribus
348 3705 386 3744 ex
410 3704 495 3746 nunc
518 3699 613 3767 prout
646 3707 684 3748 ex
708 3699 783 3748 tunc
807 3699 837 3747 et
861 3706 878 3747 e
902 3705 1057 3748 converso
1081 3686 1209 3747 racione
1234 3685 1333 3767 ipsius
1357 3686 1463 3748 balnei

199 3790 330 3871 litigiosi
367 3804 557 3872 perpetuum
590 3791 758 3854 silencium
788 3793 995 3873 imponimus,
1021 3791 1168 3853 eamdem
1200 3792 1463 3853 communitatem

197 3916 252 3958 seu
277 3895 452 3977 collegium
476 3917 494 3958 a
517 3896 618 3979 ligura
643 3897 752 3980 judicii
777 3899 931 3980 presentis
956 3898 1020 3959 litis
1044 3914 1074 3958 et
1098 3899 1138 3958 ab
1163 3897 1368 3979 impeticione
1386 3897 1461 3958 dicti

198 4002 353 4064 Demetrii
378 4004 532 4086 prepositi
554 4006 756 4066 absolventes
779 4017 809 4066 et
833 4005 963 4086 insuper
987 4023 1140 4086 expensas
1159 4023 1215 4084 per
1244 4001 1344 4064 dictas
1360 4017 1464 4084 partes

198 4108 229 4170 in
254 4108 441 4171 huiusmodi
474 4130 568 4173 causa
593 4110 690 4173 lactas
713 4111 833 4172 eisdem
866 4111 1009 4192 partibus
1033 4110 1126 4171 certis
1152 4109 1402 4172 racionabilibus
1426 4129 1463 4171 ex

197 4215 301 4276 causis
327 4233 567 4298 ‘conpensamus
600 4217 756 4298 equaliter
786 4217 991 4278 tollerandas.
1016 4217 1049 4277 ln
1074 4217 1205 4278 nomine
1230 4215 1326 4298 patris
1350 4227 1381 4276 et
1405 4214 1462 4277 lilii

197 4333 227 4383 et
250 4321 380 4403 spiritus
403 4319 520 4385 sancti.
545 4327 661 4386 Amen.
694 4324 800 4402 Lecta,
824 4323 886 4384 lata
918 4335 950 4384 et
973 4324 1005 4384 in
1029 4322 1152 4404 scriptis
1184 4321 1393 4404 pronunciata
1418 4334 1464 4382 est

149 4443 153 4448 ·
195 4447 326 4509 presens
348 4441 455 4490 nostra
478 4430 639 4491 sentencia
664 4427 833 4491 diffinitiva
857 4428 998 4512 predicta
1023 4428 1074 4488 die
1093 4427 1232 4506 Saturni,
1256 4427 1391 4508 septima
1415 4427 1461 4488 vi·
1492 4465 1496 4474 ·

197 4533 313 4595 delicet
336 4533 455 4595 mensis
478 4534 558 4616 junii
582 4535 751 4617 prenotati,
775 4535 815 4596 de
840 4553 925 4596 anno
942 4533 1091 4594 videlicet
1107 4531 1231 4594 domini
1250 4531 1461 4615 infrascripto

163 4685 165 4688 -
199 4639 403 4701 Presentibus
428 4639 548 4702 ibidem
579 4640 738 4702 discretis:
775 4639 903 4701 Andrea
936 4639 978 4700 de
1010 4636 1200 4716 Zalathnok,
1232 4637 1390 4719 Gregorio
1422 4639 1461 4701 de

198 4743 346 4829 lw'anych
377 4747 560 4828 presbiteris
592 4761 623 4808 et
647 4747 811 4829 Stephano
842 4747 980 4808 litterato
1012 4745 1051 4805 de
1076 4739 1242 4826 Leps'yncz
1266 4745 1398 4805 testibus
1422 4745 1460 4806 ad

196 4852 350 4934 premissa
381 4853 501 4914 vocatis
536 4865 567 4915 et
596 4853 766 4934 requisitis.
791 4854 866 4914 Post
899 4852 989 4913 cuius
1014 4850 1145 4931 quidem
1170 4850 1331 4911 sentencie
1355 4863 1462 4912 nostre

196 4959 416 5039 prolscionem
455 4973 486 5020 et
523 4960 829 5042 pronunciacionem
864 4959 944 5020 sicut
976 4956 1169 5040 premittitur
1208 4954 1307 5034 lactis,
1343 4955 1461 5016 fuimus

197 5083 254 5145 pro
285 5079 375 5147 parte
407 5064 613 5126 iamfatorum
637 5065 800 5148 Dyonissii
832 5065 944 5126 decani
976 5064 1143 5143 tociusque
1168 5061 1407 5124 communitatis
1431 5074 1461 5121 et
