3752 5806
624 591 698 651 Dee.
723 600 769 666 17.
799 625 833 634 -
857 591 913 653 An.
937 589 1027 667 1503.
1423 615 1461 678 ¹9

197 820 360 881 nobilibus
384 819 525 882 dominis
541 819 648 881 Blasio
673 818 712 880 de
737 819 820 882 dicta
845 820 1013 902 Progowz,
1030 821 1154 883 sororio
1171 821 1320 884 videlicet
1339 841 1412 884 meo
1428 843 1464 884 ac

197 925 328 988 domina
354 925 555 1008 Margaretha
579 925 757 988 conthorali
782 926 938 1006 eiusdem,
955 947 1064 990 sorore
1088 927 1239 992 videlicet
1255 949 1327 990 mea
1344 929 1465 992 carnali

198 1044 227 1093 et
246 1032 392 1114 providis
415 1031 562 1095 Iohanne
586 1031 738 1114 Brysych,
762 1031 928 1094 Anthonio
966 1033 1157 1116 Jantholych
1181 1034 1278 1114 dicto,
1305 1034 1464 1116 Gregorio

197 1137 349 1221 Ferlrych
373 1139 471 1216 dictu,
487 1138 660 1201 Valentino
685 1137 861 1221 Kezerych,
883 1139 972 1200 Jelka
996 1159 1094 1200 uxore
1122 1138 1283 1222 Gregorii,
1300 1141 1410 1204 Jelena
1434 1153 1465 1204 et

197 1245 345 1325 Agnethe
369 1244 507 1325 coniuge
523 1245 649 1306 Nicolai
666 1245 809 1326 Ztrwgat
834 1245 866 1306 in
884 1245 969 1308 dicta
986 1246 1162 1327 Progowcz
1179 1248 1464 1339 commorantibus,

196 1350 333 1432 aliisque
358 1370 456 1432 quam
479 1349 626 1432 pluribus
649 1350 689 1413 ad
712 1351 866 1434 premissa
890 1351 1011 1413 vocatis
1034 1365 1065 1413 et
1088 1353 1260 1433 requisitis.
1283 1355 1391 1432 Anne,
1412 1353 1465 1416 die

197 1471 226 1518 et
249 1457 336 1536 loc0,
362 1457 480 1538 quibus
503 1477 608 1539 supra.
625 1492 668 1502 -
685 1456 763 1519 Item
789 1456 830 1518 ad
854 1457 1081 1519 execucionem
1105 1459 1335 1540 premissorum
1364 1457 1465 1522 dictos

196 1562 369 1625 dominum
386 1563 530 1624 Blasium
554 1576 585 1625 et
608 1562 775 1625 dominam
795 1563 1028 1646 Margaretham
1046 1565 1078 1626 in
1096 1564 1210 1626 maiori
1227 1583 1293 1626 non
1311 1565 1465 1648 impedio,

194 1689 295 1750 quam
327 1669 416 1751 quod
449 1669 555 1731 solum
578 1681 740 1751 presentes
771 1669 812 1730 ad
836 1689 950 1731 manus
975 1668 1136 1732 dictorum
1161 1670 1369 1733 dominorum
1393 1692 1463 1754 pre-

195 1775 429 1837 bendariorum
445 1775 520 1836 dare
531 1775 678 1855 debeant,
692 1775 887 1856 eosdemque
899 1775 1049 1838 dominos
1060 1777 1291 1858 prebendari0s
1304 1779 1464 1841 constituo

195 1893 385 1944 executores
409 1880 443 1942 in
466 1881 639 1964 premissis.

304 2005 562 2070 (ludorsatumz)
590 2002 656 2056 Item
670 2019 728 2056 cum
742 2009 768 2057 et
782 2006 886 2070 quando
900 2005 998 2058 nobilis
1017 2005 1144 2072 magister
1154 2005 1280 2058 Nicolaus
1296 2007 1464 2074 Crayachych

195 2095 362 2146 baccalarius
388 2097 421 2146 de
446 2093 576 2158 Kanarya
601 2095 633 2145 ab
660 2095 707 2144 hac
735 2094 791 2146 vita
810 2094 940 2159 migravit.
961 2099 1057 2146 eotnnc
1081 2094 1176 2146 luimus
1205 2097 1261 2148 sine
1284 2096 1417 2148 divisione
1437 2101 1464 2150 et

194 2184 336 2235 habuimus
357 2185 389 2234 de
408 2185 503 2234 rebus:
522 2183 615 2248 primo,
630 2197 713 2248 equos
732 2183 844 2234 sellatos
864 2183 987 2248 quinque,
1008 2197 1091 2248 equos
1112 2199 1175 2235 vero
1196 2187 1311 2236 aratrum
1329 2185 1465 2238 trahentes

194 2268 266 2336 Vlll,
283 2287 399 2337 peccora
416 2273 485 2324 hene
505 2271 530 2322 in
544 2285 653 2323 numero
668 2273 700 2322 ad
713 2267 832 2335 XXVIII,
843 2285 941 2336 porcos
956 2285 1013 2322 cum
1026 2270 1148 2336 strophis
1161 2273 1238 2325 simul
1252 2275 1284 2324 ad
1297 2270 1466 2352 mxxviii,

195 2361 289 2428 fruges
310 2363 342 2414 ad
361 2361 484 2426 capetias
499 2361 570 2414 CCC.
584 2357 651 2412 Item
671 2362 702 2412 ad
722 2360 808 2412 vinum
828 2361 965 2412 emendum
985 2359 1039 2412 dati
1058 2365 1132 2412 erant
1151 2361 1245 2412 horenl
1264 2358 1320 2427 LX,
1334 2377 1398 2414 vasa
1412 2362 1465 2414 vini

194 2448 241 2516 111,
263 2451 337 2516 ciphi
363 2450 482 2516 argentei
507 2446 569 2514 IIII,
590 2449 721 2501 coclearia
746 2453 874 2513 argentea
892 2445 964 2502 XIII.
985 2449 1080 2514 Agnus
1111 2449 1152 2500 dei
1173 2455 1199 2501 et
1219 2464 1310 2502 cmces
1329 2465 1411 2516 parve
1433 2453 1466 2503 ad

195 2541 394 2591 conservandas
414 2539 540 2604 reliquias
554 2540 587 2590 de
606 2541 717 2603 argento
736 2533 794 2600 VII,
807 2538 873 2588 sube
892 2533 918 2588 II
940 2538 1059 2589 ventrlne
1078 2543 1207 2604 cooperte
1228 2553 1285 2590 curn
1307 2539 1464 2606 cheneieth,

195 2629 282 2680 tercia
307 2629 391 2680 eciam
416 2629 449 2679 de
475 2627 629 2692 chemeleth,
655 2627 783 2678 subducta
807 2625 922 2690 pellibus
948 2626 1113 2691 maturrime,
1142 2631 1234 2691 quarta
1259 2629 1325 2679 suba
1351 2629 1465 2680 domina.

196 2717 263 2768 lteur
285 2721 351 2782 toga
370 2719 403 2768 de
423 2716 537 2768 scarleth
557 2711 577 2767 I.
591 2715 656 2766 Item
677 2714 875 2780 suppellectilia
894 2716 962 2780 wigo
983 2717 1083 2780 poplon
1104 2717 1136 2767 de
1156 2717 1285 2780 thaphota
1307 2732 1375 2770 nova
1394 2717 1427 2772 II.
1442 2724 1468 2771 et

196 2808 229 2856 de
250 2807 337 2871 bysso
353 2801 388 2858 II.
408 2803 527 2870 Tapetha
546 2801 580 2869 II,
594 2805 704 2856 scutelle
733 2803 856 2868 plumbea
875 2800 936 2868 XII,
951 2803 1017 2855 disci
1038 2805 1153 2868 plumbei
1174 2802 1232 2858 XII.
1258 2805 1322 2857 item
1341 2807 1465 2858 baltheus

195 2909 253 2946 cum
276 2897 389 2958 argento
409 2893 565 2958 dispositus,
586 2906 663 2958 quem
682 2893 834 2944 hwzaroues
854 2893 943 2944 solent
968 2893 1045 2956 ierre,
1065 2894 1156 2944 valens
1176 2894 1231 2947 tior.
1250 2891 1307 2948 XII.
1327 2893 1394 2947 Item
1414 2897 1465 2947 cle·

196 2984 278 3034 nodia
298 2984 392 3033 domus
419 2983 506 3033 omnia
525 2985 551 3033 et
577 2981 688 3046 singula.
708 2977 775 3032 Item
801 2981 899 3032 abillo
926 2995 1003 3045 anno,
1024 2996 1075 3046 quo
1101 2982 1185 3033 dictus
1205 2983 1370 3034 baccalarius
1389 2983 1466 3049 obiit,

196 3073 297 3122 nullum
324 3075 481 3135 proventum
505 3071 537 3120 de
562 3069 639 3120 bonis
668 3069 733 3120 meis
759 3069 784 3119 iu
810 3068 939 3134 Kamarya
967 3075 994 3120 et
1019 3070 1191 3134 pertinenciis
1217 3070 1336 3122 eiusdem
1364 3072 1462 3124 habitis

197 3160 299 3225 recepi,
320 3159 399 3211 immo
426 3173 474 3210 nec
493 3173 572 3210 ausus
592 3157 628 3208 tui
648 3159 680 3208 ad
700 3157 761 3208 illas
781 3162 870 3222 partes
891 3158 928 3209 ire
947 3163 1056 3224 propter
1075 3158 1158 3209 minas
1179 3158 1275 3210 hlathle
1294 3159 1343 3210 viri
1363 3160 1467 3212 scilicet

196 3249 281 3314 glotis
302 3262 372 3299 mee.
385 3245 452 3300 Item
472 3248 555 3299 eciam
574 3248 607 3298 de
621 3244 767 3311 Rogozdna
787 3250 911 3311 quantum
937 3247 1054 3311 precium
1074 3261 1132 3298 cum
1151 3247 1311 3312 agricultura
1330 3248 1467 3312 acquirere

196 3336 349 3402 potuissem
369 3335 555 3400 potencialiter
574 3333 675 3400 recepit
694 3339 721 3385 ut
742 3341 768 3385 et
787 3335 838 3386 hoc
857 3349 924 3386 anuo
944 3335 1012 3387 eima
1031 3333 1073 3384 XL
1092 3337 1203 3386 cubulos
1223 3333 1324 3400 recepit
1343 3335 1467 3401 potencia

197 3423 341 3479 mediante.

306 3513 490 3580 Transumpta,
509 3515 657 3566 auscultata
676 3518 703 3564 et
717 3510 891 3564 collationata
903 3525 951 3576 per
964 3526 1004 3562 me
1015 3512 1159 3577 Johannem
1174 3510 1309 3566 Benedicti
1325 3514 1358 3564 <le
1372 3513 1465 3577 Pedes,

198 3605 325 3656 clericum
351 3602 534 3669 zagrahiensis
559 3601 684 3666 diocesis,
704 3615 780 3654 sacra
802 3598 935 3665 Imperiali
954 3599 1112 3651 auctoritate
1136 3599 1266 3651 notarium
1286 3599 1418 3666 publicum
1439 3607 1465 3652 et

202 3693 350 3744 concordat
371 3707 429 3744 cum
448 3707 497 3743 suo
518 3689 641 3757 originali
659 3705 707 3756 per
726 3688 821 3742 omnia.

308 3832 445 3900 Originale
471 3832 498 3885 iu
523 3833 613 3884 charta
638 3831 761 3897 simplici.
781 3833 812 3882 ln
838 3829 934 3882 archiv.
954 3831 1082 3881 honorab.
1107 3831 1202 3896 colleg.
1231 3830 1375 3884 Praebend.
1403 3831 1466 3882 eccl.

197 3925 307 3989 zagrab.

808 4114 863 4183 17.

305 4272 479 4339 Ann01503,
500 4274 539 4326 1³.
559 4270 654 4326 martii.
675 4258 793 4324 Casmae.

198 4420 341 4478 Matheus
356 4419 478 4477 thanat
491 4417 627 4495 Gjuritie‘
635 4427 759 4478 testatur
769 4419 887 4495 Lucam,
901 4421 1057 4493 episcopum
1069 4417 1296 4496 aagrabiensem,
1305 4417 1465 4496 2479ster.

199 4545 220 4583 a
251 4525 382 4584 Osvaldo
405 4529 531 4600 episcopa
553 4525 596 4582 ad
623 4527 767 4586 ecclesiam
798 4525 989 4583 cathedralem
1010 4523 1217 4584 restituendam
1241 4525 1356 4599 legatos,
1377 4526 1467 4599 jussu

198 4635 278 4707 regr’s
299 4633 359 4691 sibi
389 4651 552 4690 numerasse
574 4651 663 4706 eaque
685 4632 850 4706 conditione,
876 4639 910 4689 ut
930 4633 1059 4710 pecunia
1083 4632 1125 4688 ad
1148 4639 1273 4688 castrum
1290 4632 1381 4708 Jajce
1403 4648 1467 4688 core·

648 4739 821 4797 servandum
845 4739 1034 4799 adhiberetur.

309 4877 380 4958 Ego
412 4876 559 4940 Matheus
582 4877 738 4940 Horwath
776 4876 979 4961 Gywrysyrh,
1003 4877 1126 4938 aulicus
1156 4876 1272 4959 regius,
1307 4873 1408 4936 fateor
1438 4887 1468 4936 et

199 5003 401 5065 recognosco
425 5003 481 5065 per
504 4997 676 5066 presentes,
693 4983 781 5065 quod
799 4984 862 5045 iam
880 4984 955 5045 bina
971 4983 1039 5044 vice
1057 4983 1172 5044 missus
1187 5002 1258 5043 sum
1275 5001 1331 5064 per
1347 4982 1467 5062 regiam

202 5091 405 5152 Maiestatem
429 5090 469 5150 ad
486 5090 787 5151 reverendissimum
805 5089 973 5151 dominum
992 5091 1113 5150 Lucam
1130 5088 1316 5169 episcopum
1334 5087 1467 5149 ecclesie

1350 5188 1364 5216 1
