3900 5804
754 540 874 600 Statum
898 536 1188 599 Praebendariorum.
1538 561 1599 622 3¹9

332 769 431 847 ribus,
455 781 486 829 et
509 787 565 850 per
589 787 689 830 unum
716 789 754 830 ex
777 767 985 844 nobis,cuius
1008 768 1104 828 series
1129 765 1225 828 luerit
1237 781 1268 826 et
1280 767 1360 828 ordo
1375 767 1407 827 in
1427 767 1597 845 »Statuit«,

331 893 457 955 semper
480 873 638 956 legendo;
663 886 896 956 postmortem
921 885 1028 934 autem
1053 872 1198 934 eiusdem
1223 892 1296 933 cum
1321 861 1455 934 collecta
1472 891 1598 954 semper

281 1027 285 1036 .
331 999 389 1063 pro
413 979 577 1041 sacerdote
602 978 765 1059 defunct0,
790 978 896 1041 dicere
930 977 1094 1042 faciemus.
1119 979 1170 1040 Ad
1195 998 1258 1060 que
1290 979 1399 1040 omnia
1431 992 1461 1039 et
1489 978 1597 1058 singu-

330 1085 436 1147 lorum
459 1085 613 1168 premissa
636 1105 696 1148 nos
720 1099 751 1147 et
773 1104 972 1147 successores
996 1098 1122 1146 nostros
1146 1098 1255 1145 tenore
1285 1084 1480 1165 presentium
1514 1084 1596 1145 obli-

330 1191 487 1272 gavimus,
511 1205 546 1253 ut
581 1204 612 1253 et
646 1191 700 1252 alii
725 1191 870 1252 videntes
910 1191 991 1252 hanc
1027 1203 1168 1251 nostram
1209 1189 1465 1251 benivolenciam
1504 1191 1597 1251 nobis
1665 1263 1666 1266 Ἴ

330 1297 555 1378 prestantiores
578 1296 753 1358 reddantur
777 1296 817 1358 ad
849 1296 1041 1358 elemosinas
1074 1295 1264 1377 largiendas,
1290 1295 1389 1356 immo
1414 1295 1596 1376 obligamus

330 1415 361 1463 et
384 1402 545 1481 volumus,
569 1415 604 1463 ut
628 1402 765 1483 quilibet
788 1415 934 1463 nostrum
959 1401 1009 1462 hic
1027 1401 1206 1462 subscribat
1220 1419 1320 1461 manu
1344 1400 1483 1482 propria,
1508 1401 1595 1481 quod

329 1521 360 1569 et
382 1527 579 1569 successores
602 1507 701 1569 nostri
726 1508 759 1569 in
782 1507 981 1570 assecutione
1015 1507 1064 1567 sui
1101 1504 1248 1567 beneficii
1282 1503 1384 1565 lacere
1417 1519 1595 1568 teneantur.

329 1614 447 1675 Datum
472 1613 504 1675 in
529 1611 610 1674 festo
636 1613 735 1674 sancti
760 1613 915 1677 leronimi
948 1612 1089 1673 doctoris
1121 1623 1152 1672 et
1185 1609 1385 1672 confessoris.
1418 1615 1513 1689 Anno
1538 1610 1594 1672 do-

329 1719 407 1780 mini
432 1719 605 1781 millesimo
629 1719 888 1801 quingentesimo
912 1718 1065 1780 secundo.
1327 1703 1330 1707 ⁸

432 1824 578 1887 Matheus
602 1825 641 1886 de
665 1825 816 1905 Iwauich,
841 1825 1000 1902 decauus;
1027 1823 1209 1905 Stephanus
1243 1824 1361 1886 Herich
1395 1823 1434 1885 de
1459 1823 1593 1901 Roicha,

329 1930 465 1992 Michael
490 1931 530 1992 de
546 1929 764 2014 Ztenychnak,
781 1931 925 1992 Andreas
954 1930 994 1991 de
1011 1930 1198 2009 quoanich,
1217 1930 1397 2012 Stephanus
1419 1929 1458 1990 de
1474 1930 1593 2007 Lobor,

328 2035 513 2098 Franciscus
538 2036 577 2098 de
602 2035 735 2115 Geresd‚
760 2037 922 2098 Johannes
946 2036 986 2098 de
1018 2037 1170 2114 Brumen,
1195 2035 1442 2096 Bartholomeus
1466 2035 1504 2096 de
1529 2036 1592 2095 Ka·

327 2141 437 2223 polna,
461 2142 644 2204 Anthonius
668 2143 826 2204 Wrabeth
851 2143 891 2204 de
916 2142 1046 2220 Zinche,
1070 2141 1182 2203 Petrus
1204 2141 1243 2202 de
1265 2140 1415 2219 Chasma‚
1441 2141 1617 2227 Nicolaus·

327 2246 365 2308 de
390 2248 527 2326 civitate,
553 2246 712 2330 Georgius
736 2248 776 2309 de
800 2247 948 2327 Warasd,
974 2247 1099 2308 Blasius
1122 2247 1162 2308 de
1198 2247 1352 2324 Nedelch,
1387 2247 1591 2328 Sthephanus

327 2353 366 2414 de
391 2352 542 2432 Iwanich,
568 2353 755 2415 Leonardus
779 2353 819 2415 de
843 2353 1009 2432 Ywanich,
1045 2354 1191 2415 consensi
1225 2373 1286 2434 ego
1317 2353 1443 2414 Blasius
1476 2353 1515 2414 de
1540 2372 1590 2414 su·

325 2459 444 2540 periori
468 2457 649 2540 (Gradecz),
673 2459 818 2520 Andreas
842 2459 882 2520 de
906 2461 1074 2534 Zamabor,
1107 2458 1285 2520 Marthinus
1317 2459 1357 2520 de
1392 2456 1590 2537 Gerzenche,

324 2563 478 2625 Nicolaus
502 2562 543 2626 de
567 2564 739 2644 Rohonok‚
763 2564 953 2626 Valentinus
978 2564 1017 2625 de
1041 2564 1177 2645 Bakold,
1204 2564 1358 2626 notarius.

434 2760 580 2835 Quomodo
602 2762 690 2820 mt’ssa
711 2761 921 2820 communitatis
943 2761 1043 2818 dobeo!
1069 2761 1192 2834 singulis
1221 2762 1318 2820 diebus
1341 2762 1448 2836 perstoi
1477 2761 1507 2816 in
1532 2778 1589 2816 oro

323 2866 401 2924 boote
423 2868 555 2941 virginis.

429 2989 495 3050 Nos
519 2989 705 3051 Leonardus
729 2989 769 3052 de
792 2988 953 3072 lwsnych,
985 2989 1134 3069 decanus,
1160 2988 1362 3071 Sthephanus
1386 2989 1426 3052 de
1453 2986 1588 3064 Roicha,

323 3095 510 3156 Franciscus
533 3095 572 3156 de
596 3095 747 3174 Zekchto,
773 3095 931 3176 Georgius
956 3094 995 3156 de
1020 3095 1168 3174 Warasd,
1201 3096 1326 3158 Blasius
1350 3095 1389 3156 de
1415 3094 1586 3171 Nedelecz‚

323 3201 402 3263 alter
427 3200 550 3263 Blasius
573 3200 612 3262 de
647 3199 802 3280 Gradecz,
839 3201 1018 3263 Marthinus
1040 3201 1090 3263 'de
1125 3201 1322 3280 Gerzenche,
1359 3201 1512 3262 Nicolaus
1548 3199 1587 3260 de

322 3307 494 3384 Rolrouok,
518 3305 641 3388 Gaspar
665 3306 705 3367 de
722 3306 866 3385 Donbr0,
891 3305 1053 3368 Johannes
1077 3307 1116 3368 de
1133 3306 1216 3368 dicta
1233 3307 1394 3389 lwanych,
1412 3305 1588 3387 Gregorius
1669 3357 1672 3364 .

322 3411 362 3474 de
385 3413 457 3474 vico
480 3423 636 3491 sutorum,
661 3411 823 3473 Johannes
846 3412 1018 3494 Pobresye,
1042 3413 1197 3474 Nicolaus
1220 3412 1260 3473 de
1289 3411 1448 3494 Kapolna,
1474 3412 1600 3472 Dioni·

322 3519 386 3580 sius
410 3517 449 3579 de
475 3516 649 3596 Girdouez,
666 3518 743 3579 item
758 3517 939 3600 Stephanus
952 3517 991 3578 de
1008 3518 1232 3599 prenominata
1255 3517 1430 3596 iwannich,
1448 3517 1585 3579 Michael

322 3624 360 3686 de
385 3624 502 3702 Mlaka,
526 3623 652 3686 Blasius
676 3622 715 3684 de
740 3621 914 3706 Hrazthye‚
939 3622 1132 3684 Benedictus
1156 3622 1195 3684 de
1220 3623 1389 3702 Prodaniz‚
1424 3623 1585 3684 Johannes

322 3731 360 3792 de
385 3731 457 3792 vico
481 3742 638 3808 sutorum,
663 3729 819 3790 Martinus
843 3728 883 3790 de
909 3729 1016 3810 Sipek,
1040 3726 1154 3790 Gallus
1188 3727 1227 3789 de
1258 3729 1399 3808 Welika,
1424 3727 1585 3790 Johannes

321 3836 467 3898 similiter
490 3835 531 3896 de
553 3835 626 3896 vico
649 3847 805 3913 sutorum,
828 3835 906 3895 alter
938 3833 1099 3895 Johannes
1122 3833 1162 3894 de
1194 3835 1327 3917 Reznyk
1358 3847 1389 3895 et
1424 3834 1585 3915 Georgius

321 3941 360 4002 de
385 3940 573 4019 Zalathnok,
598 3959 724 4002 necnon
747 3953 814 4001 tota
838 3940 1051 4000 communitas
1074 3939 1139 4000 sive
1172 3940 1344 4020 collegium
1375 3939 1582 4001 Prebendari-

321 4067 414 4108 orum
447 4045 535 4108 chori
570 4045 703 4107 ecclesie
738 4045 963 4126 zagrabiensis,
994 4058 1105 4106 tenore
1128 4046 1329 4128 presencium
1355 4045 1581 4128 significamus,

321 4155 438 4235 quibus
462 4153 590 4236 expedit
619 4153 793 4214 universis:
827 4152 915 4234 quod
946 4152 1021 4234 quia
1054 4152 1246 4213 venerabilis
1281 4167 1311 4213 et
1347 4151 1493 4232 egregius
1525 4152 1582 4230 vir,

320 4260 471 4322 dominus
494 4259 649 4337 Andreas,
673 4259 793 4320 arcium
817 4271 847 4319 et
871 4258 1072 4319 decretorum
1096 4257 1217 4337 doctor,
1235 4277 1360 4319 necnon
1382 4277 1468 4318 sacre
1492 4256 1581 4319 teho-

319 4366 404 4448 logie
441 4363 611 4448 professor,
646 4365 827 4448 prepositus
867 4365 1070 4440 chasmensis,
1106 4365 1344 4445 canonicusque
1380 4376 1410 4424 et
1445 4364 1582 4424 vicarius

262 4537 265 4546 ,
319 4470 462 4532 eiusdem
488 4472 621 4533 ecclesie
645 4471 859 4552 zagrabiensis
884 4471 916 4531 in
940 4470 1160 4552 spiritualibus
1191 4483 1222 4532 et
1254 4489 1421 4532 causarum
1453 4469 1581 4530 auditor

317 4575 486 4658 generalis,
508 4578 550 4638 ob
575 4597 664 4659 spem
689 4589 720 4638 et
756 4576 934 4638 remedium
970 4577 1081 4638 salutis
1113 4577 1219 4638 anime
1248 4597 1315 4654 sue,
1346 4588 1515 4657 parentum
1551 4587 1611 4636 et·

318 4683 465 4744 omnium
489 4680 730 4744 benefactorum
755 4701 897 4760 suorum,
922 4683 1125 4765 compaciens
1149 4683 1245 4744 etiam
1271 4683 1401 4763 egestati
1427 4694 1457 4742 et
1474 4679 1579 4743 delec-

316 4789 403 4851 tibus
427 4788 721 4853 emolumentorum
756 4789 997 4850 communitatis
1028 4801 1135 4849 nostre
1169 4789 1322 4870 predicte,
1356 4787 1474 4869 quibus
1497 4788 1579 4849 adeo

317 4895 540 4976 gravabamur,
564 4908 598 4956 ut
622 4895 672 4956 vix
697 4893 736 4955 ad
761 4914 896 4976 pensum
920 4893 1080 4956 servitutis
1104 4894 1222 4972 divine,
1254 4893 1441 4974 cultumque
1475 4893 1578 4954 domi·

317 5000 424 5063 nicum
449 5001 481 5062 in
505 4999 627 5084 prelata
659 5000 792 5091 ecclesia
824 5000 1022 5082 zagrabiensi
1052 5000 1300 5082 persolvendum
1332 4997 1579 5078 sufficiebamus,
