3732 5802
820 557 895 618 Dec.
919 569 991 632 [ορ.
1014 589 1058 602 -
1079 557 1138 616 An,
1161 567 1246 633 1515.

510 803 540 865 (Α
559 803 657 868 tergo).
689 785 865 867 1514.Die
898 785 1062 846 dominico
1085 785 1232 867 proximo
1260 797 1333 847 ante
1356 785 1554 848 nativitatem
1580 788 1672 849 beate

407 892 506 954 Marie
538 892 681 973 virginis,
705 892 737 954 in
771 892 1024 973 congregacione
1047 890 1189 973 generali
1214 891 1369 972 Zagrabie
1392 910 1451 973 pro
1475 890 1673 973 A(ctoribus)

406 995 552 1060 Matheus
575 997 675 1060 lector
699 1017 772 1060 cum
799 997 931 1076 eisdem,
949 1016 1008 1079 pro
1032 994 1208 1078 l(ncusatis)
1232 995 1370 1058 Michael
1393 997 1550 1058 litteratus
1566 995 1672 1078 judex,

405 1103 614 1186 p(rocurator)
647 1123 705 1186 pro
732 1123 766 1165 ae
798 1117 828 1165 et
855 1121 913 1186 pro
939 1102 1009 1164 aliis
1033 1102 1118 1164 idem
1142 1121 1215 1164 cum
1239 1103 1428 1164 eorumdem
1452 1103 1672 1165 incusatorum

405 1211 483 1292 petit
498 1229 555 1292 par
570 1209 698 1272 habere.
725 1209 946 1272 Deliberatum
963 1221 1009 1270 est
1032 1208 1072 1269 de
1089 1208 1232 1290 parcium
1248 1208 1424 1288 voluntate,
1442 1221 1477 1270 ut
1492 1228 1588 1270 causa
1604 1209 1672 1290 ipsa

405 1317 436 1377 in
460 1316 602 1397 generali
627 1315 881 1398 congregacione
904 1314 996 1377 Bude
1019 1313 1166 1397 primitus
1186 1313 1378 1376 celebranda
1394 1313 1587 1394 revideatur,
1604 1315 1668 1375 dis·

405 1422 541 1484 cutiatur
564 1442 601 1484 ac
625 1421 761 1484 finaliter
783 1422 971 1485 terminetur
995 1421 1076 1482 inter
1103 1432 1208 1502 partes
1231 1439 1288 1503 per
1309 1421 1431 1502 regiam
1456 1421 1667 1483 Maiestatem.

510 1543 647 1610 originale
667 1545 692 1596 in
712 1544 847 1610 cbarta‚in
867 1543 985 1610 margine
1004 1541 1123 1595 inferiori
1142 1543 1299 1608 impressum
1319 1547 1361 1594 est
1379 1543 1506 1608 sigillum.
1524 1542 1551 1594 ln
1571 1543 1669 1596 archiv.

403 1647 461 1684 ven.
482 1632 568 1697 Capit.
588 1633 652 1686 eccl.
671 1633 778 1698 zagrab.
796 1632 852 1685 llct.
872 1646 929 1698 cap.
949 1637 1000 1683 ant.
1022 1630 1085 1684 lasc.
1105 1631 1129 1682 ⁶.
1149 1645 1188 1681 nr.
1207 1631 1241 1682 28

991 1914 1078 1980 100.

509 2039 584 2090 Auno
606 2038 681 2104 1515,
700 2039 724 2088 6.
745 2037 840 2091 martii.
860 2036 957 2090 Budas.

413 2147 581 2206 Vladislaus
607 2148 766 2221 Hungarie
797 2155 844 2206 etc.
868 2166 922 2204 rex
944 2146 1034 2204 Petro
1055 2146 1225 2204 Berislaoil
1248 2145 1323 2203 bano
1343 2147 1495 2222 praecipit,
1521 2154 1556 2204 ut
1570 2145 1672 2220 prini-

403 2255 485 2328 legiis
515 2255 637 2328 capt'luli
663 2261 692 2312 et
718 2254 925 2311 communirent
955 2253 1080 2310 civitatis
1109 2252 1268 2327 exqut'st't‘r‘s,
1293 2251 1327 2308 de
1346 2269 1436 2309 causa
1458 2271 1534 2326 quac
1556 2255 1667 2327 agian,

904 2359 1072 2416 sententium
1095 2357 1181 2418 dicat.

509 2479 708 2542 Wladislaus
731 2479 783 2541 dei
806 2478 913 2560 gracia
936 2499 989 2540 rex
1016 2477 1181 2560 Hungarie
1203 2490 1235 2540 et
1254 2476 1409 2540 Bobemie
1425 2491 1483 2542 etc.
1503 2478 1672 2540 Fidelibus

404 2585 520 2648 nostris
542 2585 718 2648 reverendo
742 2585 775 2646 in
799 2583 928 2647 Christo
952 2583 1044 2666 patri,
1069 2583 1204 2646 domino
1228 2583 1323 2646 Petro
1347 2583 1497 2666 Reryzlo,
1520 2585 1673 2667 episcopo

406 2691 539 2753 ecclesie
570 2691 829 2773 wesprimiensis,
853 2689 1053 2752 thezaurario
1085 2703 1206 2771 nostro,
1230 2709 1266 2751 ac
1290 2708 1464 2771 regnorum
1488 2703 1672 2751 nostrorum

408 2796 585 2876 Dalmacie,
611 2795 746 2858 Croacie
779 2808 810 2858 et
836 2795 1008 2858 Sclauonie
1041 2796 1137 2874 bano,
1165 2794 1575 2876 eiusdemque-vicebanis,
1600 2795 1674 2856 item

404 2901 557 2982 magistro
577 2901 832 2984 prothonotario,
849 2900 1025 2986 ceterisque
1049 2900 1159 2983 juratis
1178 2901 1391 2963 assessoribus
1406 2899 1491 2961 sedis
1506 2899 1673 2982 judiciarie

404 3006 480 3069 dicti
512 3007 602 3090 regni
635 3007 735 3070 nostri
769 3006 952 3086 Sclauonie,
985 3006 1121 3068 salutem
1153 3019 1185 3068 et
1214 3005 1365 3087 graciam.
1402 3005 1594 3088 Expositum
1630 3019 1675 3066 est

405 3111 498 3174 nobis
522 3113 554 3174 in
578 3113 722 3195 personis
745 3112 891 3175 fidelium
907 3125 1090 3174 nostrorum
1107 3111 1303 3195 prudentum
1320 3125 1351 3174 et
1368 3112 1672 3194 circumspectorum

404 3216 518 3298 judicia
548 3239 584 3282 ac
614 3217 803 3300 juratorum,
829 3233 1074 3300 ceterorumque
1106 3218 1225 3280 civium
1257 3218 1393 3280 civitatis
1424 3231 1531 3280 nostre
1557 3217 1675 3279 montis

404 3321 583 3403 Grecensis‚
608 3325 742 3406 qualiter
774 3325 855 3386 inter
886 3325 972 3406 ipsos
1004 3336 1200 3406 exponentes
1231 3324 1272 3386 ab
1304 3343 1379 3404 una,
1412 3343 1448 3385 ac
1480 3323 1671 3386 honorabile

405 3429 581 3511 capitulum
605 3430 738 3493 ecclesie
762 3430 977 3512 zagrabiensis
1005 3430 1148 3512 partibus
1170 3431 1211 3492 ab
1235 3430 1297 3492 alia
1321 3430 1450 3492 racione
1474 3443 1505 3491 et
1528 3443 1671 3511 pretextu

405 3534 572 3596 cuiusdam
604 3535 753 3597 territorii
778 3535 862 3597 dicte
886 3535 1022 3597 civitatis
1046 3549 1152 3597 nostre
1176 3547 1261 3598 certe
1282 3535 1465 3598 differencie
1490 3555 1526 3596 ac
1551 3535 1670 3596 dissen-

404 3639 511 3701 siones
542 3653 610 3702 orte
634 3653 740 3701 essent
763 3653 794 3702 et
816 3641 975 3721 suscitate,
999 3641 1186 3724 dictumque
1211 3641 1387 3724 capitulum
1414 3639 1579 3722 quandam
1603 3659 1670 3723 par·

403 3745 535 3806 ticulam
569 3745 713 3808 eiusdem
744 3746 896 3808 territorii
928 3749 968 3808 ab
999 3747 1122 3810 eisdem
1157 3747 1394 3830 exponentibus
1425 3759 1612 3829 occupasset
1643 3746 1672 3806 in

405 3851 582 3912 eorundem
620 3852 855 3934 exponentium
890 3852 1118 3936 preludicium‚
1152 3853 1374 3934 damnumque
1409 3873 1445 3914 ac
1478 3852 1672 3934 derogamen

405 3953 522 4035 jurium
547 3957 689 4038 ipsorum
714 3956 929 4022 manifestum.
956 3959 1051 4021 Unde
1075 3960 1290 4042 supplicatum
1315 3971 1362 4022 est
1387 3959 1544 4021 Maiestati
1569 3973 1673 4020 nostre

405 4079 463 4140 pro
487 4074 574 4142 parte
598 4075 630 4124 et
653 4063 685 4124 in
709 4065 852 4144 personis
874 4078 1102 4127 annotatorum
1127 4067 1374 4149 exponendum,
1396 4079 1431 4128 ut
1454 4065 1576 4127 eisdem
1594 4065 1672 4126 circa

407 4165 558 4244 premissa
598 4167 638 4228 de
677 4168 839 4250 condigno
879 4169 956 4251 juris
995 4171 1140 4234 remedio
1178 4171 1352 4254 provideri,
1393 4185 1560 4252 metasque
1599 4169 1673 4231 dicti

405 4269 554 4330 territorii
586 4291 641 4353 per
675 4292 732 4334 vos
754 4273 891 4336 revideri
916 4289 947 4336 et
967 4275 1132 4338 rectificari
1154 4275 1258 4339 lacere
1282 4277 1499 4358 dignaremur.
1525 4277 1672 4351 Quorum

407 4372 645 4453 supplicacione
677 4397 736 4438 nos
769 4378 917 4440 exaudita
949 4393 981 4441 et
1012 4380 1152 4444 admissa
1176 4382 1328 4444 volumus
1351 4395 1382 4444 et
1405 4381 1550 4444 fidelitati
1574 4395 1672 4442 vestre

409 4471 520 4538 harum
554 4480 633 4540 serie
657 4479 788 4544 firmiter
817 4485 1049 4547 committimus
1074 4499 1105 4548 et
1129 4487 1332 4566 mandamus,
1356 4500 1516 4569 quatenus
1540 4486 1673 4570 acceptis

409 4583 608 4656 presentibus
638 4607 696 4668 pro
727 4608 793 4650 uno
825 4603 911 4652 certo
941 4603 972 4653 et
996 4593 1085 4654 brevi
1109 4594 1249 4656 termino
1274 4595 1430 4656 ambabus
1453 4594 1600 4676 partibus
1621 4611 1674 4674 per

408 4699 464 4741 vos
495 4687 690 4770 prefigend0,
714 4692 754 4753 ad
786 4692 901 4756 faciem
934 4698 1098 4780 prescripti
1131 4699 1286 4762 territorii
1318 4699 1481 4778 accedere,
1509 4713 1672 4779 metasque

406 4783 550 4850 eiusdem
583 4795 731 4875 antiquas
765 4797 851 4860 iuxta
887 4800 1007 4863 litteras
1042 4816 1074 4864 et
1104 4803 1273 4886 privilegia
1304 4805 1448 4887 parcium
1482 4803 1675 4886 prelatarum

406 4893 616 5002 reambulare,
640 4900 848 4984 revidereque
873 4925 909 4966 ac
933 4906 1070 4969 limitare
1094 4923 1125 4970 et
1149 4909 1341 4990 discernere,
1366 4910 1508 4993 ipsisque
1533 4911 1674 4994 partibus

410 5005 493 5054 iuxta
525 5017 635 5061 eorum
668 5003 735 5065 iura
766 5009 897 5089 antiqua
930 5024 962 5072 et
993 5013 1172 5096 privilegia,
1198 5029 1233 5078 ut
1260 5017 1306 5078 eis
1329 5017 1495 5100 competit,
1523 5031 1675 5100 perpetuo
