3808 5792
405 602 466 646 202
816 585 890 654 Doc.
914 585 987 669 164.
1010 623 1052 633 -
1076 591 1134 651 An.
1158 601 1247 666 1520.

408 691 575 700 ——-.

403 815 565 896 gratitudo
589 815 779 878 interveniat
802 818 1001 894 meritorum,
1015 817 1095 878 duas
1118 817 1229 879 missas
1253 817 1285 878 in
1310 818 1453 898 qualibet
1485 816 1665 879 ebdomada

404 921 539 1002 siugulis
562 920 676 984 futuris
707 923 916 1005 temporibus,
948 937 1042 1005 puta:
1079 922 1157 984 feria
1182 923 1277 984 tercia
1305 923 1345 984 de
1376 937 1485 985 sancto
1510 922 1668 1004 Gregorio

404 1046 497 1110 papa,
521 1028 612 1089 cuius
635 1027 775 1090 secunda
799 1029 907 1090 oracio
931 1029 969 1090 de
1001 1041 1110 1090 sancto
1141 1028 1286 1090 Iohanne
1318 1029 1464 1110 baptista,
1495 1027 1592 1090 tercia
1627 1028 1666 1089 de

404 1145 513 1194 sancto
549 1134 738 1212 Laurencio,
774 1147 886 1216 quarta
921 1154 980 1217 pro
1018 1134 1236 1198 sacerdotibus
1268 1135 1414 1214 mortuis,
1443 1147 1536 1216 puta:
1561 1134 1669 1195 Presta

404 1258 579 1320 quesumus
603 1239 745 1320 domine,
777 1255 811 1302 ut
843 1241 949 1302 anime
982 1239 1178 1302 famulorum
1213 1255 1343 1302 tuorum
1375 1239 1576 1302 sacerdotum
1609 1252 1667 1301 etc.

404 1345 514 1426 quinta
539 1346 579 1407 ad
596 1346 832 1428 beneplacitum
855 1347 1054 1410 celebrantis.
1080 1347 1119 1408 Et
1143 1345 1220 1408 feria
1244 1360 1330 1408 sexta
1353 1345 1501 1408 missam:
1526 1345 1665 1408 Humili·

404 1450 478 1528 avit,
503 1451 594 1512 cuius
617 1452 757 1514 secunda
781 1453 889 1514 oracio
914 1452 954 1514 de
983 1467 1092 1516 sancto
1117 1452 1331 1531 Christoforo,
1364 1452 1461 1514 tercia
1493 1452 1532 1512 de
1563 1463 1669 1513 sancta

405 1559 499 1618 Anna
522 1571 623 1620 matre
648 1559 759 1637 Marie,
784 1571 896 1640 quarta
920 1578 979 1642 pro
1004 1558 1247 1636 commendatis,
1271 1558 1440 1620 videlicet:
1466 1557 1552 1620 Deus
1579 1557 1669 1618 cuius

405 1662 623 1726 misericordie
647 1678 717 1744 etc,
742 1666 854 1747 quinta
877 1685 935 1748 pro
959 1665 1124 1728 voluntate
1148 1665 1338 1727 celebrantis
1361 1684 1434 1726 cum
1466 1663 1554 1726 omni
1589 1662 1668 1724 dile·

403 1769 516 1848 gencia
540 1783 571 1832 et
594 1771 662 1832 sine
686 1770 813 1833 delectu
837 1771 969 1854 aliquali
994 1791 1049 1854 per
1064 1792 1097 1834 se
1114 1785 1146 1833 et
1161 1791 1236 1834 suos
1253 1791 1459 1849 successores,
1477 1771 1536 1831 sub
1553 1769 1667 1831 maiori

404 1874 500 1936 missa
524 1876 655 1938 ecclesie
680 1878 763 1939 beati
788 1879 871 1960 regis
893 1877 1045 1960 Stephani
1063 1893 1093 1940 et
1110 1878 1141 1939 in
1167 1898 1220 1939 ara
1243 1891 1351 1938 sancte
1375 1875 1542 1938 Trinitatis
1565 1875 1670 1935 dicere

405 1993 436 2040 et
461 1980 621 2045 celebrare
656 1985 938 2066 compromisisset.
970 1984 1090 2046 Verum
1126 1984 1213 2046 idem
1246 1982 1397 2064 magister
1430 1979 1606 2062 Gregorius
1637 1999 1669 2040 se

406 2086 597 2168 recolligens
620 2103 651 2151 et
684 2091 765 2151 bene
790 2091 900 2152 animo
922 2091 1110 2153 deliberans
1138 2103 1169 2152 et
1197 2089 1375 2168 revolvens,
1405 2088 1493 2170 quod
1524 2085 1671 2168 quamvis

406 2191 472 2274 ipse
496 2207 559 2254 tres
582 2194 697 2257 domos
721 2195 887 2259 inferiores
910 2197 985 2258 satis
1008 2197 1170 2278 eleganter
1194 2207 1373 2257 constructe
1405 2192 1587 2255 sufficerent
1611 2211 1670 2274 pro

407 2296 610 2362 habitacione
643 2301 742 2383 ipsius
780 2301 935 2365 lohannis
966 2303 1169 2386 prebendarii
1206 2313 1237 2363 et
1271 2320 1403 2362 suorum
1441 2317 1671 2377 successorum,

409 2415 517 2466 tamen
548 2425 605 2488 pro
637 2409 779 2470 vestibus
812 2423 842 2472 et
865 2409 937 2471 aliis
968 2410 1063 2471 rebus
1098 2409 1197 2492 ipsius
1225 2422 1256 2470 et
1286 2425 1417 2469 suorum
1452 2423 1671 2467 successorum

407 2512 632 2574 conservandis
655 2534 720 2576 non
744 2514 935 2594 sufficerent,
967 2536 1005 2576 ex
1029 2535 1094 2598 quo
1118 2513 1251 2577 inferior
1274 2532 1397 2576 camera
1415 2512 1454 2573 de
1477 2531 1571 2572 muro
1589 2509 1670 2571 lacta

407 2614 537 2679 deberet
560 2639 618 2701 pro
641 2621 833 2683 victualibus
856 2635 887 2684 et
910 2619 1031 2683 familia
1055 2621 1212 2704 deputari,
1229 2641 1264 2682 ac
1281 2621 1382 2682 eciam
1399 2619 1477 2681 dum
1494 2618 1670 2699 contigeret

407 2721 548 2804 aliquem
573 2727 746 2788 exercitum
770 2727 821 2788 vel
845 2728 965 2810 regiam
999 2727 1199 2789 Maiestatem
1229 2740 1284 2788 aut
1314 2739 1499 2808 magnatem
1529 2724 1671 2805 aliquem

407 2828 611 2910 descendere,
635 2833 702 2914 ipse
727 2833 889 2896 lohannes
912 2833 1142 2917 prebendarius
1158 2846 1189 2894 et
1204 2822 1253 2894 sui
1276 2850 1474 2894 successores
1499 2851 1565 2893 non
1589 2830 1671 2892 bene

406 2949 510 2996 essent
532 2939 634 3000 securi
660 2939 699 3002 de
724 2941 818 3001 rebus
849 2941 914 3002 suis
946 2941 1028 3002 inter
1051 2939 1300 3016 exercituantes3
1331 2937 1537 3001 considerans
1569 2936 1670 2998 eciam

407 3039 493 3102 idem
518 3044 668 3125 magister
691 3046 867 3129 Gregorius
890 3047 1044 3130 plurimas
1068 3045 1358 3124 incommoditates,
1389 3064 1470 3127 quas
1501 3043 1568 3126 ipse
1603 3063 1671 3125 pre·

407 3146 579 3210 bandarius
602 3163 634 3212 et
658 3153 705 3213 sui
730 3173 928 3215 successores
951 3153 1099 3215 tollerare
1124 3152 1288 3232 deberent,
1303 3151 1469 3234 presertim
1488 3150 1585 3210 simul
1602 3169 1669 3211 mo-

407 3253 508 3314 rando
532 3267 563 3316 et
586 3255 778 3319 dormiendo
802 3278 875 3320 cum
898 3257 1020 3320 familia
1043 3271 1188 3340 ternpore
1205 3257 1340 3340 hyemis,
1357 3255 1445 3339 quod
1469 3255 1594 3317 clericis
1617 3275 1673 3316 seu

406 3359 589 3438 presbiteris
612 3365 746 3425 omnino
770 3383 836 3425 non
860 3364 1021 3442 convenit,
1045 3383 1103 3425 nec
1127 3364 1281 3425 haberent
1305 3363 1447 3444 quietem
1471 3362 1504 3422 in
1529 3360 1673 3422 dicendis

407 3462 494 3524 horis
510 3468 688 3545 canonicis;
706 3469 767 3530 hiis
784 3483 814 3530 et
831 3469 940 3531 multis
953 3469 1023 3530 aliis
1039 3469 1223 3530 rationibus
1239 3467 1551 3529 convenientissimis
1567 3481 1674 3528 motus

408 3581 438 3628 et
462 3569 611 3634 inductus
634 3575 712 3636 alias
734 3588 797 3636 tres
813 3575 938 3655 domos,
955 3576 1030 3637 licet
1046 3576 1196 3653 minores,
1214 3587 1432 3656 competentes
1453 3587 1561 3634 tamen
1579 3592 1673 3655 supra

408 3673 489 3735 duas
512 3677 626 3740 domos
650 3679 817 3742 inferiores
841 3695 991 3759 muratas,
1015 3681 1162 3743 similiter
1185 3681 1323 3758 stubam,
1347 3698 1507 3740 cameram
1541 3693 1573 3740 et
1604 3698 1672 3760 pre·

407 3780 525 3841 torium
550 3782 588 3843 de
613 3785 702 3866 ligno
726 3784 828 3848 lacere
853 3787 1082 3868 proposuisset,
1099 3785 1139 3848 de
1152 3787 1271 3867 quibus
1287 3785 1320 3846 in
1331 3804 1578 3866 recompensam
1594 3784 1672 3846 tanti

408 3884 554 3948 beneficii
590 3889 693 3952 dictus
717 3892 879 3954 lohannes
902 3892 1143 3974 prebendarius,
1169 3892 1251 3954 ultra
1279 3905 1435 3974 pretactas
1458 3890 1540 3952 duas
1563 3891 1673 3951 missas

408 4009 465 4070 pro
489 3995 621 4056 muratis
645 3997 761 4058 celario
786 4013 816 4059 et
833 3998 984 4060 domibus
1000 3997 1206 4060 inferioribus
1223 3996 1396 4076 ordinatas,
1413 3987 1673 4078 prenominatum

408 4097 594 4177 magistrum
620 4100 823 4184 Gregorium,
848 4119 1005 4186 parentes,
1030 4105 1288 4186 consanguineos
1312 4117 1343 4165 et
1367 4102 1589 4165 benefactores
1605 4103 1672 4164 eius

409 4200 439 4260 in
474 4202 605 4265 devotas
629 4221 658 4268 et
693 4223 862 4290 perpetuas
895 4210 1062 4272 oraciones
1096 4229 1169 4272 suas
1202 4210 1323 4272 scilicet
1353 4229 1573 4271 successorum
1601 4228 1673 4271 suo·

409 4324 479 4366 rum
503 4311 701 4392 suscepisset,
724 4333 760 4375 ac
785 4314 884 4375 dictas
907 4314 1019 4376 missas
1043 4316 1205 4398 perpetuis
1229 4315 1344 4377 futuris
1367 4315 1570 4398 temporibus
1601 4333 1672 4377 cum

407 4411 496 4471 omni
520 4413 690 4496 diligencia
714 4433 745 4480 et
768 4419 836 4480 sine
860 4418 988 4482 defectu
1012 4421 1145 4502 aliquali
1173 4441 1229 4503 per
1251 4441 1284 4482 se
1308 4421 1360 4483 vel
1385 4439 1443 4503 per
1475 4419 1577 4482 alium
1602 4420 1681 4496 ido·¹

410 4533 506 4576 neum
530 4521 727 4585 sacerdotem
751 4524 867 4604 dicere,
892 4525 1008 4608 legere,
1032 4545 1184 4608 peragere
1209 4541 1240 4588 et
1271 4527 1434 4588 celebrare
1466 4527 1673 4608 promitteret,

413 4618 542 4684 deberet
566 4639 595 4686 et
619 4641 790 4708 teneretur,
813 4646 909 4712 prout
932 4633 1090 4714 promisit,
1122 4633 1319 4714 debebitque
1351 4647 1383 4694 et
1401 4633 1585 4712 tenebitur,
1621 4651 1675 4693 nec

412 4741 477 4784 non
501 4741 531 4788 et
554 4732 602 4791 sui
626 4753 822 4797 successores
845 4739 1041 4799 tenebuntur
1064 4752 1095 4799 et
1119 4750 1212 4799 erunt
1228 4738 1380 4820 obligati;
1405 4738 1560 4800 invocans
1577 4738 1675 4798 eciam

413 4827 498 4890 idem
523 4834 684 4900 lohannes
707 4841 936 4921 prebendarius
960 4857 1071 4905 contra
1087 4863 1120 4905 se
1138 4857 1168 4905 et
1184 4863 1259 4905 suos
1276 4863 1487 4921 successores,
1504 4843 1678 4924 quominus

413 4931 594 4999 huiusmodi
619 4942 681 5003 due
706 4947 798 5006 misse
822 4947 971 5008 videlicet
1004 4948 1081 5010 feria
1112 4949 1210 5011 tercia
1240 4949 1279 5011 de
1311 4963 1422 5011 sancto
1455 4947 1617 5030 Gregorio
1649 4963 1678 5010 et

415 5035 491 5098 feria
515 5057 599 5104 sexta
624 5047 815 5113 Humiliavit
839 5072 912 5114 cum
938 5053 1080 5116 collectis
1104 5069 1134 5116 et
1159 5055 1365 5117 oracionibus
1388 5075 1485 5138 supra
1507 5055 1626 5118 notatis
1649 5069 1679 5116 et
