3752 5806
842 551 914 610 Dae.
928 565 982 627 31.
1002 585 1040 594 -
1060 551 1117 612 An.
1138 565 1225 631 1504.

1423 663 1661 671 --—-——

401 775 582 838 humillime
605 775 807 858 supplicavit,
830 789 987 858 quatenus
1011 777 1051 838 de
1071 779 1215 841 remedio
1233 793 1417 862 opportuno
1436 784 1481 845 eis
1496 786 1663 867 providere

403 882 619 964 dignaremur.
644 882 764 944 Idcirco
795 901 855 945 nos
885 883 1118 946 committimus
1149 898 1180 946 et
1212 885 1413 968 mandamus,
1438 891 1525 971 quod
1558 892 1665 953 nullus

403 987 441 1050 dc
465 1002 571 1050 cetero
604 987 721 1050 audeat
744 989 816 1050 vina
849 987 1028 1051 conducere
1053 989 1134 1052 intra
1165 1004 1265 1052 metas
1296 992 1410 1074 prelati
1442 995 1582 1076 claustri,
1606 1017 1664 1060 nec

402 1095 541 1158 vendere
565 1096 646 1157 intra
679 1107 766 1177 septa
791 1107 822 1157 et
845 1094 954 1157 hortos
986 1097 1040 1157 ubi
1072 1109 1118 1158 est
1142 1110 1275 1179 puteus;
1304 1100 1329 1160 si
1354 1100 1426 1181 quis
1456 1115 1565 1164 autem
1586 1123 1664 1164 ausu

402 1201 572 1264 temerario
604 1202 636 1263 in
668 1201 818 1284 predictis
849 1200 936 1262 iestis
959 1201 1071 1264 vinum
1099 1203 1267 1265 adduxerit
1291 1219 1321 1266 et
1344 1209 1540 1270 ammonitus
1565 1222 1663 1270 extra·

404 1309 518 1371 ducere
550 1309 699 1388 noluerit,
724 1321 838 1370 extunc
870 1308 961 1370 vobis
990 1308 1139 1372 fidelibus
1171 1311 1286 1372 nostris
1318 1313 1454 1394 egregiis
1486 1315 1665 1377 castellanis

403 1416 496 1477 castri
520 1415 619 1477 nostri
644 1415 771 1477 Medwe
795 1415 995 1496 presentibus
1019 1429 1050 1478 et
1073 1415 1187 1478 futuris
1203 1416 1317 1480 harum
1334 1419 1414 1481 serie
1431 1419 1563 1482 firmiter
1580 1441 1666 1483 com-

404 1521 561 1582 mittimus
584 1535 615 1583 et
637 1520 838 1600 mandamus,
863 1533 898 1582 ut
928 1521 1040 1583 vinum
1065 1521 1108 1583 sic
1133 1522 1307 1586 adductum
1332 1544 1396 1587 una
1420 1545 1493 1587 curn
1517 1547 1613 1588 curru
1636 1540 1667 1588 et

404 1628 597 1690 animalibus
621 1628 689 1688 sine
713 1627 821 1708 aliqua
852 1647 907 1710 spe
931 1628 1146 1690 restitutionis
1176 1631 1315 1713 recipere
1340 1631 1493 1694 debeatis.
1518 1633 1552 1694 ln
1578 1634 1668 1695 cuius

404 1736 449 1796 rei
473 1734 580 1814 fidem,
605 1748 857 1818 perpetuamque
881 1734 1061 1796 firmitatem
1078 1751 1241 1817 presentes
1257 1737 1378 1800 litteras
1394 1752 1527 1818 nostras,
1546 1740 1668 1821 sigillo·

405 1861 467 1923 que
492 1855 612 1920 nostro,
629 1860 694 1922 quo
711 1842 842 1920 utimur,
859 1841 1060 1924 consignatas
1077 1842 1235 1906 dedimus.
1254 1843 1372 1906 Datum
1390 1845 1422 1906 in
1441 1859 1542 1925 castro
1559 1859 1667 1908 nostro

405 1947 543 2027 Medwe,
560 1947 611 2009 die
636 1947 769 2009 sabatho
792 1947 938 2028 proximo
962 1961 1034 2030 post
1058 1947 1174 2010 festum
1198 1951 1431 2033 assumpcionis
1455 1953 1547 2015 beate
1567 1953 1668 2014 Maris

405 2055 546 2136 virginis.
571 2059 667 2116 Anno
691 2053 815 2115 domini
840 2052 1012 2115 millesimo
1036 2055 1295 2137 quingentesimo
1320 2069 1446 2138 quarto.

511 2195 548 2250 lv.
567 2193 730 2263 Kukuljevid.
750 2195 833 2246 Arkiv
852 2209 883 2246 za
901 2194 1016 2260 povjest.
1033 2194 1166 2261 jugoslav.
1187 2196 1242 2263 Knj.
1263 2194 1319 2264 lll.,
1339 2212 1399 2263 pag.
1422 2199 1568 2249 toa-104.

1011 2479 1066 2544 31.

511 2640 585 2690 Anno
607 2639 681 2700 1504,
700 2635 742 2690 28.
761 2637 879 2702 Augusti.
900 2636 1056 2702 Zagrabiae.

406 2786 539 2844 Andreas
568 2803 591 2842 s.
623 2780 781 2856 theologiae
811 2783 908 2840 doctor
936 2800 971 2839 ac
1000 2784 1126 2840 ve'eare'us
1156 2785 1286 2840 ecclesiae
1313 2783 1519 2856 aagrabiensis,
1547 2783 1670 2842 mandat

414 2892 557 2964 Gregorio
582 2890 712 2964 parocho
733 2889 867 2964 sisciensi,
892 2896 926 2946 ui
946 2890 1239 2948 excommunicatione
1261 2889 1399 2946 mincians
1421 2889 1551 2947 Paulum
1574 2890 1678 2946 Kunic

406 2999 560 3056 admoneat
580 2997 623 3052 ad
633 2995 860 3070 persolvendum
883 2995 1008 3068 legatum
1024 3013 1044 3050 a
1055 2995 1199 3053 Mathaeo
1214 2993 1363 3052 Brumnic'
1378 2996 1438 3053 cive
1445 2997 1670 3070 praebendariis

958 3102 1124 3175 ascriptum.

518 3241 663 3303 Andreas
685 3238 812 3317 artium,
833 3238 1035 3301 decretorum
1059 3252 1090 3300 et
1113 3259 1200 3301 sacre
1223 3239 1386 3322 theologie
1408 3239 1531 3319 doctor,
1554 3252 1673 3316 cantor,

406 3348 579 3410 canonicus
610 3359 640 3406 et
670 3344 806 3406 vicarius
836 3345 968 3406 ecclesie
1000 3328 1215 3426 zagrabiensis
1247 3347 1279 3406 in
1305 3345 1535 3429 spiritualibus,
1561 3365 1669 3406 causa·

406 3473 543 3535 rumque
566 3452 693 3514 auditor
715 3451 882 3532 generalis.
908 3451 942 3512 ln
965 3449 1092 3514 Christo
1116 3452 1210 3512 nobis
1234 3453 1355 3513 sincere
1380 3451 1509 3530 dilecto,
1534 3451 1673 3513 discreto

365 3601 366 3604 =
406 3561 540 3622 domino
564 3558 721 3641 Gregorio
745 3557 884 3640 plebano
906 3557 1093 3640 Zythecensi
1118 3559 1253 3619 salutem
1277 3558 1310 3618 in
1336 3557 1471 3620 domino
1496 3571 1527 3619 et
1551 3559 1667 3619 nostris

407 3667 538 3728 firmiter
568 3665 699 3727 obedire
735 3663 904 3726 mandatis.
929 3664 1099 3742 Noveritis,
1134 3663 1222 3744 quod
1259 3663 1335 3745 quia
1367 3663 1520 3747 providus
1553 3663 1673 3725 Paulus

408 3771 554 3856 Kwnych
579 3771 618 3834 de
643 3769 800 3853 Dwsycha
823 3783 933 3832 contra
957 3783 987 3832 et
1010 3769 1162 3830 adversus
1186 3770 1338 3832 discretos
1362 3770 1513 3832 dominos
1536 3771 1674 3852 preben-

347 3937 351 3942 .
409 3880 515 3943 darios
547 3879 635 3940 chori
674 3877 806 3939 ecclesie
841 3875 1055 3958 zagrabiensis
1087 3894 1125 3935 ex
1157 3888 1347 3938 testamento
1383 3875 1521 3938 condam
1554 3875 1676 3937 Mathie

409 3985 603 4070 Brumnych,
617 3985 750 4046 senioris
771 3982 885 4065 judicis
908 3982 1042 4043 civitatis
1058 3981 1349 4063 Montisgrecensis,
1365 3981 1523 4064 legittima
1540 3981 1673 4044 accione

409 4107 439 4156 et
470 4094 538 4156 eius
569 4091 760 4154 execucione
789 4089 990 4172 precedente,
1021 4088 1054 4149 in
1084 4087 1222 4151 sedecim
1248 4088 1376 4150 florenis
1399 4089 1467 4150 auri
1492 4101 1524 4149 et
1547 4100 1672 4170 septem

408 4200 513 4282 porcis
536 4198 715 4260 minoribus
738 4197 771 4258 in
795 4195 869 4257 sede
893 4207 1000 4256 nostra
1024 4194 1188 4276 judiciaria
1217 4194 1381 4256 convictus
1406 4195 1508 4256 extitit
1531 4207 1563 4256 et
1587 4194 1671 4256 obli-

407 4319 509 4389 gatus.
527 4305 589 4368 Cui
614 4324 670 4387 per
693 4323 752 4366 nos
776 4323 814 4365 ex
836 4301 995 4364 sentencia
1020 4314 1127 4362 nostra
1152 4300 1391 4362 interlocutoria
1415 4300 1454 4361 de
1475 4313 1544 4362 toto
1561 4299 1672 4362 huius-

408 4413 497 4474 modi
522 4413 630 4474 debito
654 4431 755 4492 usque
780 4409 899 4472 festum,
919 4407 1003 4468 beati
1028 4407 1110 4489 regis
1136 4405 1288 4489 Stephani
1313 4407 1457 4489 proxime
1476 4407 1675 4490 preteritum,

410 4539 473 4581 una
504 4539 577 4580 cum
608 4517 753 4600 expensis
785 4514 885 4594 factis,
915 4513 1036 4575 eisdem
1070 4513 1210 4575 dominis
1240 4513 1460 4595 prebendariis
1492 4511 1675 4574 satisfacere

410 4624 681 4686 commiseramus.
722 4622 849 4683 Tamen
884 4622 952 4703 ipse
987 4619 1106 4681 Paulus
1142 4619 1288 4702 Kwnych
1324 4618 1510 4681 huiusmodi
1545 4619 1675 4680 termini

409 4731 584 4792 solucionis
615 4730 714 4812 ipsius
746 4728 845 4790 debiti
878 4727 972 4788 surda
997 4746 1071 4788 aure
1100 4725 1364 4809 pertranseundo,
1389 4724 1511 4786 eisdem
1535 4725 1678 4786 dominis

409 4836 628 4921 prebendariis
651 4835 785 4897 omnino
807 4833 988 4896 satisfacere
1005 4833 1145 4914 neglexit
1162 4853 1219 4895 nec
1237 4852 1310 4894 cum
1326 4832 1449 4895 eisdem
1465 4829 1678 4892 amicabiliter

409 4962 603 5026 componere
627 4942 764 5018 curavit3
789 4941 958 5003 dileccioni
990 4940 1087 5022 igitur
1110 4952 1212 5001 vestre
1237 4939 1270 5000 in
1292 4939 1408 5000 virtute
1426 4936 1573 4999 salutaris
1597 4935 1674 4997 obe·

408 5051 533 5114 diencie
557 5063 587 5112 et
618 5049 676 5110 sub
700 5048 1046 5110 excommunicacionis
1076 5066 1158 5128 pena
1182 5045 1294 5108 harum
1326 5045 1407 5108 serie
1435 5042 1668 5105 committimus
