3808 5792
661 513 826 590 Doc,'158.
853 550 892 560 —
917 518 974 576 An.
1000 529 1088 593 1519.
1444 541 1499 604 ¹95

237 741 436 802 condicionis
458 740 655 820 hominibus,
681 742 785 804 ubivis
809 763 866 825 per
888 763 986 826 regna
1011 759 1117 808 nostra
1135 747 1310 829 Hungarie‚
1330 750 1502 813 Sclauonie

237 861 268 909 et
292 847 427 909 Croacie
450 849 568 910 tributa
590 847 792 926 habentibus,
815 851 998 915 tenentibus
1022 872 1078 914 seu
1103 853 1314 935 exigentibus,
1339 870 1501 938 presentes

237 953 361 1032 visuris,
385 953 521 1016 salutem
545 966 575 1016 et
597 954 749 1035 graciam,
774 954 859 1017 Cum
882 955 993 1018 fideles
1017 959 1116 1020 nostri
1133 960 1306 1041 prudentes
1321 974 1352 1026 et
1368 963 1503 1025 circum·

236 1060 334 1140 specti
359 1059 464 1140 judex,
477 1059 582 1141 jurati,
607 1061 767 1142 ceterique
792 1061 876 1122 cives
900 1076 931 1124 et
954 1062 1059 1125 incole
1084 1064 1219 1127 civitatis
1244 1080 1351 1130 nostre
1368 1069 1503 1131 Montis-

236 1167 396 1246 grecensis
419 1167 550 1248 antiqua
574 1166 729 1229 libertatis
753 1167 897 1249 ipsorum
921 1170 1122 1250 prerogativa
1147 1172 1329 1253 requirente
1355 1175 1394 1236 ab
1412 1175 1501 1236 omni

236 1272 401 1334 tributaria
424 1272 590 1336 solucione
615 1273 752 1336 ubilibet
774 1293 831 1356 per
854 1275 1011 1336 ambitum
1045 1276 1203 1338 dictorum
1239 1297 1413 1361 regnorum
1444 1300 1501 1343 no-

238 1391 376 1440 strorum
400 1379 538 1462 exempti
562 1380 625 1441 sint
648 1393 680 1442 et
710 1380 888 1462 supportati
919 1381 1107 1462 habeantur,
1138 1383 1339 1467 velimusque
1372 1387 1502 1450 eosdem

238 1497 269 1546 et
293 1485 440 1567 ipsorum
460 1486 638 1566 quemlibet
654 1486 774 1568 ubique
792 1506 849 1567 per
864 1487 931 1568 ipsa
956 1507 1053 1568 regna
1069 1503 1176 1550 nostra
1196 1505 1364 1573 partesque
1381 1491 1502 1554 eisdem

238 1603 268 1651 et
291 1611 377 1652 sacre
402 1610 520 1654 corone
537 1591 695 1654 subiectas
711 1611 810 1674 penes
826 1590 1011 1654 huiusmodi
1028 1593 1172 1676 ipsorum
1189 1595 1350 1660 libertates
1368 1598 1502 1660 omnino

236 1711 321 1759 tutos
345 1717 424 1776 esse,
448 1697 632 1780 liberosque
656 1711 687 1759 et
709 1717 847 1760 securos.
872 1697 1033 1760 Fidelitati
1058 1699 1156 1780 igitur
1179 1715 1281 1764 vestre
1315 1716 1346 1764 et
1371 1703 1503 1766 cuilibet

237 1817 377 1866 vestrum
412 1803 527 1866 harum
558 1804 637 1866 serie
670 1802 801 1866 firmiter
831 1805 1044 1887 precipientes
1076 1806 1276 1886 mandamus,
1304 1809 1455 1890 quatinus
1486 1829 1503 1874 s

238 1909 335 1971 modo
359 1908 499 1992 prefatos
523 1909 675 1988 iudicem,
698 1911 793 1989 cives,
818 1910 940 1972 incolas
964 1924 995 1972 et
1026 1924 1218 1974 mercatores
1252 1913 1334 1976 dicte
1367 1915 1503 1976 civitatis

238 2029 342 2078 nostre
367 2017 647 2098 Montisgrecensis
670 2016 710 2077 ad
744 2016 945 2079 solucionem
973 2016 1190 2099 predictorum
1221 2018 1414 2080 tributorum
1446 2038 1503 2082 seu

237 2122 461 2185 theloneorum
486 2137 663 2185 vestrorum
688 2138 798 2184 contra
823 2121 960 2184 formam
989 2123 1142 2204 premisse
1174 2123 1316 2205 ipsorum
1348 2124 1502 2188 libertatis

237 2242 268 2291 et
291 2230 508 2313 exempcionis
532 2242 652 2292 arctare
675 2242 706 2292 et
730 2211 934 2311 compellere,
959 2241 1013 2291 aut
1037 2247 1092 2290 eos
1115 2229 1165 2290 vel
1190 2231 1333 2312 ipsorum
1365 2230 1501 2294 alterum

238 2350 405 2418 propterea
428 2336 459 2397 in
485 2335 630 2418 personis
653 2336 813 2417 rebusque
837 2347 891 2396 aut
915 2335 1081 2416 quibusvis
1116 2335 1210 2397 bonis
1241 2335 1419 2398 eorundem
1442 2337 1501 2400 im-

239 2443 359 2525 pedire,
372 2443 499 2504 turbare
523 2441 574 2502 vel
598 2439 833 2522 quoquomodo
850 2439 1055 2504 damnificare
1071 2461 1231 2522 nusquam
1249 2455 1280 2504 et
1295 2461 1501 2524 nequaquam

238 2549 427 2631 presumatis
450 2567 509 2610 nec
536 2547 604 2609 sitis
637 2548 704 2610 ausi
728 2547 827 2609 modo
860 2547 1003 2628 aliquali.
1038 2547 1202 2622 Quoniam
1236 2547 1381 2630 alioquin
1414 2568 1501 2612 com·

237 2655 383 2716 misimus
406 2654 557 2718 fidelibus
579 2654 696 2716 nostris
720 2654 811 2716 banis
849 2653 901 2714 vel
924 2653 1086 2715 vicebanis
1118 2654 1297 2716 eorundem
1329 2673 1502 2735 regnorum

236 2775 418 2823 nostrorum
443 2760 614 2823 Sclauonie
639 2772 669 2822 et
693 2759 839 2837 Croacie,
863 2759 1038 2842 ceterisque
1063 2759 1235 2822 comitibus
1255 2759 1306 2822 vel
1330 2759 1501 2822 vicecomi-

236 2868 321 2930 tibus
345 2880 376 2929 et
399 2865 560 2948 judicibus
583 2866 743 2928 nobilium
767 2885 1046 2948 quorumcumque
1075 2866 1286 2928 comitatuum
1311 2866 1501 2928 eorumdem

237 2987 267 3035 et
290 2972 424 3057 predicti
448 2972 537 3054 regni
562 2971 661 3034 nostri
686 2972 852 3052 Hungarie
883 2971 1093 3054 parciumque
1127 2972 1188 3034 sibi
1219 2971 1434 3034 subiectarum
1468 2973 1500 3035 in

237 3080 355 3162 quibus
378 3079 499 3142 scilicet
521 3077 616 3140 huius
638 3078 781 3140 mandati
802 3079 901 3139 nostri
918 3097 974 3160 per
992 3079 1178 3161 quempiam
1200 3098 1238 3140 ex
1261 3079 1353 3141 vobis
1377 3092 1500 3141 contra-

236 3187 320 3248 rium
343 3198 550 3249 attentaretur
574 3197 605 3246 et
639 3184 839 3266 presentibus
863 3183 984 3245 firmius
1010 3184 1211 3263 mandamus,
1241 3198 1275 3246 ut
1300 3183 1358 3267 ipsi
1382 3185 1501 3247 tributa

237 3293 291 3355 ills
314 3307 346 3355 et
369 3291 519 3354 thelonea
551 3291 583 3352 in
616 3291 734 3373 quibus
768 3291 864 3352 huius
899 3291 1093 3353 contrarium
1125 3289 1215 3352 fieret
1245 3309 1303 3373 pro
1336 3291 1501 3354 Maiestate

237 3411 344 3462 nostra
367 3418 524 3481 occupare
548 3411 579 3461 et
601 3397 725 3458 tamdiu
748 3410 856 3460 tenere
880 3396 1028 3475 debeant,
1053 3396 1156 3458 donec
1179 3417 1197 3458 a
1221 3397 1315 3458 nobis
1337 3396 1426 3458 aliud
1449 3416 1500 3458 ac·

237 3506 378 3589 ceperint
401 3505 433 3567 in
469 3504 637 3567 mandatis.
665 3505 705 3566 Et
728 3503 786 3565 hec
817 3503 968 3564 volumus
1004 3503 1105 3564 eciam
1141 3522 1197 3584 per
1230 3500 1355 3564 futuros
1387 3503 1499 3582 banos,

235 3613 417 3690 vicebanos,
441 3611 638 3692 comitesque
662 3609 713 3672 vel
738 3609 942 3672 vicecomites
965 3629 1000 3670 ac
1024 3608 1147 3689 judices
1178 3608 1339 3670 nobilium
1371 3627 1498 3670 eorum·

236 3719 308 3781 dem
332 3737 505 3800 regnorum
530 3730 712 3778 nostrorum
736 3729 767 3777 et
794 3716 1005 3780 comitatuum
1037 3733 1162 3797 semper
1193 3713 1366 3776 observari.
1401 3713 1499 3776 Secus

236 3826 331 3907 igitur
354 3844 420 3886 non
444 3823 566 3887 facturi.
592 3823 795 3885 Presentibus
819 3821 975 3904 perlectis,
1000 3821 1162 3882 exhibenti
1190 3819 1352 3882 restitutis.
1378 3820 1498 3882 Datum

237 3931 327 3993 Bude
351 3932 384 3992 in
408 3929 489 3992 festo
512 3929 707 3992 visitacionis
731 3927 913 3990 beatissime
938 3927 1038 3988 Maris
1071 3926 1215 4007 virginis.
1246 3930 1343 3988 Anno
1374 3925 1499 3987 domini

236 4037 408 4100 millesimo
431 4035 690 4118 quingentesimo
714 4034 840 4095 decimo
864 4053 962 4094 non0.
988 4033 1174 4114 Regnorum
1199 4043 1381 4093 nostrorum
1406 4029 1497 4092 Hun-

235 4145 322 4226 garie
347 4155 378 4206 et
402 4142 556 4204 Bohemie
581 4155 640 4203 etc.
664 4160 750 4203 anno
774 4153 899 4224 quarto.

340 4282 476 4348 originale
495 4283 521 4334 in
540 4284 698 4334 membrana.
718 4279 747 4333 ln
766 4281 886 4350 margine
915 4280 1033 4332 inferiori
1062 4280 1221 4344 impressum
1252 4284 1293 4330 est
1312 4277 1437 4342 sigillum.
1469 4277 1497 4328 la

236 4371 353 4425 archivio
373 4372 418 4422 lib.
438 4385 494 4436 reg.
514 4372 563 4422 clv.
583 4373 690 4435 zsgreb.
