3732 5802
600 551 672 614 Dor.
697 568 766 631 133.
790 588 833 598 -
856 555 912 616 Aa.
937 550 1026 630 1516.

780 783 864 849 133.

294 899 369 949 Anno
390 897 467 952 1516.
489 899 529 950 ll.
549 899 679 950 octobris.
698 897 855 964 Zagrablae.

188 1007 413 1064 Enumerantur
432 1007 619 1080 condiciones,
650 1008 752 1082 quibus
770 1007 1049 1083 praebendariorum
1071 1003 1218 1081 collegium
1242 1008 1409 1081 promsito
1431 1025 1455 1068 s.

491 1113 591 1171 Marte
613 1114 746 1172 balneum
767 1113 931 1188 permittere
946 1121 1091 1187 paratum
1114 1122 1161 1173 est.

301 1227 393 1305 1516.
417 1223 495 1288 feria
519 1239 605 1288 sexta
630 1226 774 1308 proxima
798 1239 870 1309 post
893 1223 1009 1288 festum
1029 1226 1128 1288 sancti
1146 1224 1232 1288 Galli
1249 1225 1453 1289 confessoris.

194 1329 343 1392 Universi
358 1331 481 1393 domini
499 1332 700 1414 prebendarii
719 1331 807 1394 chori
825 1332 909 1394 alme
925 1331 1057 1394 ecclesie
1075 1332 1289 1414 zagrabiensis
1306 1332 1338 1394 in
1355 1332 1454 1394 domo

187 1435 312 1498 domini
337 1437 504 1500 Michaelis
528 1439 642 1502 Berlelv
672 1439 866 1521 generaliter
889 1439 1073 1521 congregati
1104 1439 1185 1500 inter
1216 1439 1278 1500 alia
1311 1439 1455 1521 ipsorum

186 1543 321 1623 negocia
343 1544 507 1607 tractanda
531 1545 669 1608 finaliter
704 1546 933 1607 concluserunt
954 1564 1027 1606 cum
1051 1545 1186 1607 domino
1202 1545 1367 1608 Demetrio
1383 1563 1455 1626 pre·

186 1648 291 1730 posito
316 1651 449 1712 ecclesie
475 1653 566 1714 beate
591 1651 724 1734 virginis
748 1651 787 1713 de
820 1651 976 1732 Zagrabia
1013 1669 1050 1712 er
1082 1663 1170 1734 parte
1203 1651 1310 1713 balnei
1343 1669 1455 1733 pacem

186 1755 266 1817 inire
289 1757 349 1818 sub
373 1757 619 1821 condicionibus
635 1756 860 1840 infrascriptis:

290 1862 416 1926 Primus
428 1864 591 1927 articulus.
605 1864 704 1938 Quod
717 1877 863 1927 tenorem
876 1864 1037 1926 sentencie
1052 1862 1221 1926 diffinitive
1234 1883 1290 1946 per
1306 1861 1456 1924 dominos

187 1968 379 2050 capitulares
392 1969 509 2032 dictate
523 1970 707 2032 nullatenus
724 1969 857 2031 modum
876 1969 944 2031 eius
968 1969 1106 2031 velimus
1130 1969 1293 2047 excedere,
1317 1968 1377 2030 nisi
1397 1985 1455 2050 pro

187 2087 266 2153 rato,
282 2089 373 2156 grato
390 2089 421 2138 et
444 2075 551 2138 futuro
569 2071 706 2138 velimus
722 2076 850 2156 habere,
868 2095 926 2140 nec
951 2075 1156 2138 addicionem
1180 2095 1239 2137 nec
1264 2073 1456 2136 diminucio-

187 2198 262 2241 nem
285 2180 429 2263 aliquam
447 2180 611 2246 faciemus.

295 2285 440 2349 Sccudus
463 2288 626 2350 articulus.
652 2287 750 2362 Quod
767 2287 886 2371 primas
904 2307 1058 2370 expensas
1074 2308 1139 2350 non
1157 2303 1306 2370 optamus
1328 2286 1456 2366 habere,

187 2410 266 2471 quas
274 2391 376 2455 eciam
388 2393 562 2456 reverende
575 2394 818 2456 dominaciones
833 2395 945 2456 Vestre
959 2393 1224 2457 adiudicaverunt
1240 2415 1307 2456 esse
1320 2414 1451 2478 parcen-

196 2497 262 2577 das,
290 2499 345 2560 sed
370 2501 564 2581 posteriores
588 2519 754 2582 expensas,
779 2519 860 2582 quas
885 2499 1031 2580 fecimus,
1061 2501 1200 2564 exolvat.

294 2604 430 2667 Tercius
453 2606 616 2668 articulus.
642 2605 741 2680 Quod
764 2626 798 2668 se
822 2620 852 2669 et
876 2625 1074 2668 successores
1091 2626 1166 2669 suos
1182 2607 1305 2690 obliget
1320 2619 1351 2668 et
1368 2606 1456 2690 quod

188 2709 307 2772 amodo
331 2724 362 2772 et
386 2710 425 2772 de
449 2725 557 2774 cetero
573 2711 645 2774 lites
669 2731 736 2774 non
759 2711 899 2775 audeant
922 2732 1052 2774 movere
1077 2726 1187 2775 contra
1211 2713 1363 2775 dominos
1386 2733 1455 2795 pre·

189 2817 360 2878 bendarios
383 2817 415 2879 in
440 2817 524 2880 facto
558 2819 663 2881 balnei
688 2818 747 2881 sub
779 2817 918 2900 birsagio
950 2831 1166 2882 trecentorum
1198 2819 1328 2901 triginta
1359 2819 1456 2880 trium

189 2920 395 2986 florenorum.

293 3012 372 3074 ltem
397 3012 429 3074 in
453 3011 537 3074 facto
563 3012 669 3074 balnei
695 3012 778 3074 inter
801 3011 863 3075 alia
887 3012 998 3076 divina
1016 3013 1149 3076 servicia
1166 3014 1198 3076 in
1215 3014 1299 3076 alma
1323 3015 1457 3077 ecclesia

188 3119 386 3200 zagrabiensi
410 3139 467 3202 per
488 3119 720 3202 prebendarios
734 3119 878 3182 eiusdem
903 3121 1048 3200 ecclesie,
1061 3121 1211 3183 videlicet
1234 3141 1290 3204 per
1305 3141 1458 3204 personas

190 3223 302 3305 viginti
326 3239 475 3306 quatuor,
489 3225 521 3288 in
547 3226 636 3288 omni
661 3225 827 3288 dominico
844 3226 896 3290 die
921 3227 1101 3290 novilunali
1126 3241 1300 3289 canuntur:
1318 3227 1457 3290 Placebo

189 3341 219 3390 et
242 3330 353 3412 vigilie
377 3345 579 3395 mortuorum
604 3352 678 3394 cum
701 3333 803 3395 tribus
826 3333 1022 3416 antiphonis,
1046 3333 1188 3416 psalmis,
1212 3334 1410 3396 leccionibus
1427 3348 1458 3396 et

189 3434 340 3498 laudibus
364 3451 395 3499 et
410 3439 500 3500 omni
518 3437 596 3500 feria
613 3437 753 3500 secunda
775 3439 960 3502 immediate
977 3440 1123 3522 sequenti
1140 3440 1236 3502 missa
1255 3440 1454 3522 »Requiemtt

189 3543 415 3624 proquodam
439 3545 593 3626 magistro
618 3544 731 3624 Paulo,
759 3545 986 3609 archidiacono
1019 3547 1216 3608 kamarcensi
1241 3559 1272 3608 et
1307 3547 1372 3609 suis
1396 3545 1456 3608 fra·

189 3649 301 3728 tribus,
325 3650 380 3731 qui
414 3651 603 3732 legaverunt
627 3651 780 3714 balneum
804 3651 955 3734 predictis
986 3651 1127 3716 dominis
1157 3651 1376 3735 prebendariis
1406 3673 1457 3714 za·

188 3755 420 3836 grabiensibus.

293 3861 371 3924 ltem
392 3862 536 3944 qualibet
562 3861 639 3926 feria
673 3864 813 3926 secunda
840 3864 1038 3946 »Requiem«
1058 3883 1131 3926 cum
1147 3864 1281 3926 collecta
1296 3864 1454 3926 ›inclina‹

188 3967 415 4050 proquodam
438 3969 559 4050 nobile,
584 3970 639 4052 qui
665 3969 747 4031 ultra
781 3971 911 4032 Zawam
937 3971 969 4032 in
1001 3969 1201 4052 possessione
1233 3970 1340 4034 Mlaka
1371 3970 1457 4052 lega-

188 4087 276 4136 verat
299 4073 410 4136 villam
434 4074 585 4157 predictis
602 4075 744 4138 dominis
760 4075 982 4158 prebendariis
999 4077 1273 4157 zagrabiensibus,
1290 4096 1348 4159 pro
1368 4077 1458 4138 cuius

188 4179 298 4263 precio
322 4179 430 4242 caldar
453 4180 494 4242 ad
519 4181 671 4244 balneum
696 4182 839 4264 ipsorum
861 4195 1005 4265 emptum
1030 4195 1085 4244 est.

300 4285 378 4348 ltem
403 4287 548 4368 qualibet
570 4286 648 4350 feria
678 4288 775 4350 tercia
802 4289 916 4352 smissa
947 4308 1004 4371 pro
1036 4289 1192 4372 peccatis«
1226 4309 1283 4372 pro
1314 4288 1457 4372 quodam

188 4391 363 4455 castellano
387 4391 427 4454 de
443 4391 724 4477 Zthennycznyak,
742 4395 797 4476 qui
814 4394 980 4477 quondam
997 4395 1037 4458 sd
1055 4394 1327 4460 reformationem
1352 4395 1459 4458 balnei

189 4499 333 4582 ipsorum
357 4498 519 4580 legaverat
543 4499 683 4563 florenos
706 4513 846 4563 centum.

297 4605 376 4666 ltem
399 4605 543 4686 qualibet
567 4606 618 4668 die
643 4605 676 4668 in
699 4606 804 4669 missis
827 4607 919 4669 beate
943 4606 1076 4688 virginis
1107 4607 1244 4670 collecta
1267 4628 1325 4692 pro
1357 4627 1458 4671 sacer-

190 4709 264 4773 dote
288 4709 441 4773 defuncto
464 4711 618 4774 videlicet
634 4712 765 4776 Matheo
782 4712 919 4776 condam
937 4719 1066 4776 cantore
1083 4715 1215 4777 ecclesie
1232 4715 1458 4798 zagrabiensis,

189 4817 245 4898 qui
268 4816 414 4880 similiter
437 4817 514 4900 ipsis
537 4817 684 4881 dominis
708 4819 928 4900 prebendariis
950 4821 1211 4902 zagrabiensibus
1238 4821 1279 4884 sd
1302 4833 1457 4884 tecturam

190 4921 297 4986 balnei
329 4921 490 5005 legaverat
521 4923 660 4988 florenos
695 4938 840 5006 centum,
885 4939 920 4988 ut
954 4939 1078 4990 constat
1115 4927 1279 4990 modernis
1317 4928 1458 4990 dominis

188 5027 416 5092 bartholomeo
439 5030 560 5092 cantori
584 5043 616 5093 et
639 5029 778 5094 Johanni
801 5031 1029 5094 archidiacono
1053 5034 1261 5098 kamsrcensi.
