3752 5806
871 495 946 552 Doc.
966 487 1018 570 64.
1036 526 1078 536 —
1102 495 1156 554 Aa.
1175 491 1268 568 1508.

537 717 659 780 Diebus
676 731 783 780 autem
800 719 970 781 dominicis
990 720 1040 782 vel
1057 719 1177 782 festivis
1192 724 1442 803 occurrentibus,
1459 725 1581 787 dicetur
1596 726 1692 788 missa

431 822 470 883 de
494 823 656 886 dominica
681 825 731 886 vel
755 823 836 888 lesto
860 827 1050 905 occurrenti,
1069 829 1209 890 secunda
1232 847 1325 891 vero:
1343 829 1559 913 Omnipotens
1574 832 1692 914 sempi-

430 941 519 991 terne
544 929 641 1010 Deus,
658 931 713 1012 qui
737 931 884 994 vivorum
909 932 1085 995 dominaris
1107 934 1203 996 simul
1228 949 1258 996 et
1276 949 1493 1014 mortuorum;
1511 939 1625 1000 tercia:
1643 938 1691 1000 De

430 1036 551 1098 cunctis
574 1057 633 1099 nos
656 1056 830 1118 quesumus
854 1038 994 1101 Domine
1017 1040 1133 1106 mentis
1157 1053 1188 1102 et
1212 1041 1353 1123 corporis
1376 1041 1514 1104 deiende
1530 1043 1691 1125 periculis.

534 1177 669 1243 originale
697 1178 723 1228 in
750 1177 848 1229 charta.
877 1178 904 1230 in
933 1180 1029 1232 archiv.
1050 1195 1107 1230 ven.
1128 1179 1213 1243 Capit.
1233 1183 1338 1246 zagrah.
1366 1183 1422 1234 Act.
1449 1183 1534 1247 Capit.
1553 1189 1606 1236 ant
1626 1184 1690 1236 fasc.

431 1267 488 1318 101.
507 1281 545 1316 nr.
567 1267 606 1319 10.

1030 1515 1093 1580 64.

534 1655 607 1706 Anno
630 1653 704 1720 1508,
727 1656 766 1707 19.
783 1653 857 1720 junii.
876 1654 973 1707 Budae.

432 1782 638 1842 Communitate
660 1784 784 1841 civetates
800 1791 946 1856 precante,
972 1784 1136 1842 Vladislaus
1157 1784 1335 1858 Hungorrize
1356 1793 1403 1846 cic.
1419 1803 1483 1862 rex,
1507 1787 1694 1856 concreditas

428 1890 538 1948 octavis
558 1889 630 1962 festi
649 1889 886 1963 Epsphaniarum
910 1889 1035 1948 Danini
1057 1907 1155 1948 coram
1185 1889 1268 1947 banis
1294 1891 1396 1948 iterum
1411 1891 1557 1965 jwls'critm
1572 1893 1638 1967 fiat
1657 1893 1691 1950 de

424 1994 594 2076 Kraljevee,
626 1996 711 2072 Ccrje
733 2003 782 2055 etc.
806 1995 1036 2070 possessionibus,
1067 1993 1105 2054 de
1126 1996 1229 2070 quibas
1258 1997 1444 2054 communitas
1473 1998 1602 2057 civetatis
1628 2018 1690 2056 cura

934 2103 1059 2175 capimlo
1081 2103 1183 2176 lingat.

528 2239 727 2303 Wladislaua
751 2239 803 2302 dei
826 2241 931 2322 gracia
956 2261 1009 2302 rex
1034 2239 1200 2323 Hungarie
1221 2255 1252 2302 et
1271 2240 1426 2304 Bohemie
1443 2253 1501 2304 etc.
1521 2241 1691 2305 Fidelibus

422 2347 538 2410 nostris
562 2345 703 2428 capitulo
722 2345 859 2407 ¹ecclesie
883 2345 1101 2428 (chasmensis)
1124 2347 1261 2409 salutern
1278 2361 1309 2409 et
1327 2348 1478 2428 graciam.
1495 2349 1688 2430 Expositum

337 2501 340 2508 r
422 2453 524 2516 extitit
548 2451 704 2514 Maiestati
728 2463 835 2512 nostre
861 2451 891 2512 in
917 2451 1060 2533 personis
1084 2451 1228 2514 fidelium
1245 2465 1427 2514 nostrorum
1443 2454 1642 2536 prudentum
1660 2469 1691 2516 et

421 2559 724 2640 circumspectorum
745 2555 860 2636 judicis
883 2570 914 2618 et
937 2556 1124 2638 juratorum,
1141 2570 1385 2640 ceterorumque
1411 2559 1529 2620 civium
1552 2571 1585 2620 et
1601 2579 1688 2621 com-

421 2665 585 2726 munitatis
608 2663 744 2725 civitatis
767 2676 873 2724 nostre
900 2664 1114 2744 zagrabiensis
1138 2665 1257 2726 montis
1274 2663 1452 2744 Grecensis,
1469 2663 1610 2745 qualiter
1628 2665 1687 2746 ipsi

420 2771 498 2832 alias
521 2769 711 2832 honorabile
735 2768 910 2851 capitulum
939 2769 1071 2831 ecclesie
1095 2770 1311 2852 zagrabiensis
1334 2769 1462 2831 racione
1486 2781 1518 2832 et
1540 2782 1689 2851 pretextu

419 2876 561 2938 indebite
592 2875 817 2958 occupationis
849 2887 880 2935 et
911 2873 1109 2937 derencionis
1133 2876 1346 2958 quarumdam
1370 2875 1614 2957 possessionum
1638 2875 1686 2957 ip·

419 3001 527 3044 sorum
552 2981 787 3063 exponencium
812 2981 1011 3062 Kralyewcz,
1032 2981 1165 3064 Czerye,
1184 2981 1343 3064 Kobylya,
1367 2981 1522 3065 Zvvyblya
1539 2995 1572 3043 et
1588 2981 1688 3043 Narth

418 3103 613 3166 vocatarum,
634 3087 768 3154 omnino
789 3087 821 3147 in
843 3087 996 3148 comitatu
1013 3087 1211 3170 zagrabiensi
1227 3087 1418 3166 habitarum,
1435 3087 1468 3148 in
1484 3088 1687 3170 presenciam

418 3195 492 3256 bani
517 3194 605 3275 regni
630 3193 728 3254 nostri
747 3192 917 3254 Sclauonie
941 3193 1107 3254 traxissent
1130 3193 1162 3254 in
1186 3205 1325 3272 causam,
1346 3192 1391 3275 (in
1415 3213 1478 3275 qua
1501 3194 1563 3276 ipsi
1581 3193 1688 3275 judex,

417 3299 523 3382 jurati)
546 3301 630 3361 cives
654 3312 684 3360 et
708 3299 934 3360 inhabitatores
958 3299 1057 3381 ipsius
1080 3299 1215 3361 civitatis
1243 3313 1349 3361 nostre
1374 3299 1492 3362 montis
1514 3298 1688 3361 Grecensis

416 3428 453 3468 ex
486 3425 536 3485 eo,
560 3405 647 3487 quod
681 3419 764 3466 certa
788 3404 855 3485 jura
884 3419 914 3466 et
940 3406 1118 3488 privilegia,
1143 3405 1311 3487 litteraque
1336 3419 1368 3468 et
1391 3405 1541 3467 litteralia
1567 3407 1685 3467 instru-

416 3525 523 3574 menta
548 3509 736 3572 eorumdem
761 3508 879 3571 iactum
902 3511 1147 3593 prescriptarum
1164 3511 1387 3593 possesionum
1405 3530 1504 3592 quam
1521 3525 1684 3573 certorum

417 3618 554 3680 aliorum
579 3616 697 3698 jurium
715 3616 858 3698 ipsorum
878 3617 1202 3698 posscssionariorum
1218 3617 1386 3699 tangentia
1404 3631 1435 3678 et
1450 3616 1684 3678 concernencia

415 3739 570 3806 ternpore,
597 3743 663 3804 quo
688 3721 820 3783 illustris
844 3722 981 3783 condam
1005 3721 1131 3783 Vlricus
1154 3743 1261 3784 comes
1285 3722 1369 3784 Cilic
1393 3722 1555 3784 civitatem
1581 3723 1683 3804 ipsam

415 3841 638 3913 expugnasset,
667 3848 723 3909 per
753 3827 929 3889 Alemanos
959 3841 1141 3908 vastatores,
1173 3828 1331 3907 distracta,
1353 3828 1457 3889 ablata
1481 3843 1513 3889 et
1537 3829 1578 3889 ab
1604 3827 1679 3908 ipsis

413 3938 550 3999 alienata
575 3935 719 4014 luissent,
736 3953 794 3995 nec
818 3933 1002 3995 habuissent
1021 3934 1139 4015 quibus
1155 3955 1187 3996 se
1205 3949 1236 3996 et
1251 3953 1379 3996 causam
1394 3953 1485 3995 suam
1503 3931 1681 3994 defendere

412 4043 591 4128 potuissent
615 4054 723 4102 contra
748 4037 887 4122 prefatos
911 4039 1110 4122 capitulares,
1134 4040 1390 4115 succubuissent;
1424 4051 1455 4100 et
1478 4038 1596 4101 exinde
1621 4039 1682 4120 ipsi

414 4150 603 4232 capitulares
628 4161 728 4209 certas
751 4147 870 4208 litteras
896 4146 1153 4225 adiudicatorias,
1177 4144 1430 4208 sentencionales
1457 4145 1489 4205 in
1514 4145 1682 4227 presencia

413 4256 487 4317 bani
512 4254 601 4337 regni
628 4253 799 4315 Sclauonie
831 4264 940 4313 contra
964 4251 1050 4334 ipsos
1073 4265 1268 4334 exponentes
1292 4263 1516 4332 reportassent,
1542 4269 1681 4332 quarum

410 4362 575 4443 vigoribus
599 4361 699 4422 iidem
724 4359 756 4420 in
779 4357 959 4419 dominium
976 4357 1221 4440 prescriptarum
1239 4357 1478 4439 possessionum
1495 4375 1565 4417 sese
1584 4357 1683 4418 intro·

410 4467 483 4529 duci
508 4481 538 4529 et
562 4467 690 4529 easdem
713 4465 772 4526 sibi
791 4464 866 4547 ipsis
882 4463 976 4525 statui
994 4462 1096 4524 facere
1113 4476 1344 4544 procurassent,
1362 4481 1441 4543 quas
1457 4481 1560 4542 usque
1578 4461 1678 4523 modo

408 4587 553 4636 tenerent
588 4587 618 4635 et
654 4584 879 4634 conservarent
912 4569 943 4630 in
980 4569 1159 4630 eorundem
1194 4568 1427 4650 exponencium
1462 4567 1678 4649 preiudicium

410 4695 506 4761 atque
530 4679 695 4740 damnum.
721 4677 806 4738 Cum
829 4689 936 4737 tamen
959 4674 983 4734 si
1008 4671 1121 4756 prefati
1139 4686 1335 4756 exponentes
1352 4687 1497 4755 tempore
1514 4692 1677 4755 expugna·

411 4786 512 4847 cionis
545 4785 627 4845 dicte
663 4782 798 4845 civitatis
831 4793 937 4842 nostre
963 4780 1083 4841 litteras
1107 4793 1138 4842 et
1161 4779 1329 4862 privilegia
1353 4779 1497 4861 ipsorum
1521 4797 1589 4840 non
1613 4797 1680 4840 am·

408 4892 577 4970 misissent,
601 4904 632 4951 et
661 4903 806 4971 tempore
839 4885 1091 4968 adjudicationis
1124 4905 1217 4947 cause
1250 4884 1436 4946 huiusmodi
1467 4905 1520 4946 eas
1548 4883 1680 4946 insede

408 4998 514 5060 banali
550 4997 727 5081 producere
759 5009 790 5057 et
823 4994 973 5056 exhibere
1004 4993 1193 5076 potuissent,
1217 5004 1395 5076 sperassent
1425 5011 1456 5052 se
1489 5005 1520 5052 et
1549 5007 1676 5052 causam
