3732 5802
624 499 690 556 Dos
720 510 789 574 105.
815 531 853 542 -
880 500 937 557 An.
966 509 1050 574 1513.

197 726 340 808 judicem
363 741 395 788 et
417 725 537 806 juratos
558 726 643 788 cives
663 725 747 790 dicte
762 725 899 788 civitatis
915 738 1023 788 nostre
1040 725 1158 788 montis
1175 723 1344 788 Grecensis
1360 744 1467 787 coram

200 833 294 896 vobis
318 833 351 896 in
376 852 503 896 causam
519 831 690 896 traherent.
713 831 807 896 Unde
827 831 1042 915 supplicatum
1068 831 1170 893 extitit
1187 831 1344 893 Maieststi
1361 843 1469 892 nostre

202 960 263 1025 pro
283 952 371 1024 parte
392 938 571 1002 eorundem
587 939 706 1001 civium
723 951 906 1000 nostrorum
922 952 957 999 ut
973 937 1049 1020 ipsis
1065 937 1104 999 de
1121 951 1306 1020 opportuno
1323 937 1468 1000 remedio

201 1046 373 1130 providere
394 1045 609 1127 dignaremur.
632 1045 699 1108 Nos
720 1045 817 1128 igitur
833 1045 979 1107 nolentes
996 1043 1082 1126 ipsos
1099 1043 1184 1106 cives
1200 1042 1232 1104 in
1248 1043 1313 1104 suis
1329 1043 1470 1124 antiquis

199 1153 325 1236 juribus
357 1165 388 1214 et
419 1151 620 1214 libertatibus
650 1170 708 1236 per
739 1150 910 1234 quospiam
941 1150 1074 1228 turbari,
1103 1148 1294 1211 mandamus
1324 1147 1470 1210 fidelitati

199 1271 303 1321 vestre
327 1257 440 1320 barum
464 1257 544 1320 serie
568 1256 759 1337 firmissime,
776 1271 935 1338 quatenus
955 1255 1093 1338 acceptis
1113 1255 1315 1338 presentibus
1331 1254 1471 1337 prefatos

200 1365 287 1428 cives
310 1379 341 1426 et
364 1363 629 1427 communitatem
652 1363 735 1426 dicte
760 1363 895 1425 civitatis
916 1375 1022 1424 nostre
1036 1375 1144 1423 contra
1171 1360 1340 1444 premissas
1356 1379 1470 1422 eorum

201 1483 343 1534 vetustas
376 1471 548 1550 libertates,
572 1469 690 1552 quibus
713 1469 879 1552 hucusque
905 1468 938 1530 in
961 1467 1148 1530 huiusmodi
1171 1486 1339 1529 causarum
1364 1485 1471 1549 prose·

202 1579 339 1642 cucione
363 1577 409 1639 usi
434 1591 562 1640 suntet
588 1576 701 1658 gavisi,
726 1575 941 1638 nullomodo
967 1574 1114 1658 impediri
1139 1572 1341 1657 permittatis,
1365 1591 1471 1654 neque

203 1683 335 1747 eosdem
365 1681 406 1745 ad
435 1681 624 1746 instanciam
656 1681 854 1766 prefatorum
886 1680 1109 1764 capitularium
1142 1693 1197 1742 aut
1228 1679 1366 1741 aliorum
1391 1697 1471 1759 quo-

203 1789 366 1872 rumpiam
401 1802 474 1852 ante
506 1789 651 1852 debitum
685 1802 811 1870 tempus
845 1801 875 1849 et
908 1800 1017 1850 contra
1050 1785 1285 1848 continenciam
1317 1783 1473 1846 libertatis

206 1915 319 1958 eorum
343 1895 486 1977 judicare
510 1909 565 1958 aut
587 1907 693 1958 vestro
717 1907 818 1956 astare
842 1893 996 1975 judicatui
1021 1891 1213 1976 compellere
1237 1889 1472 1974 presummatis.

205 2001 411 2064 Presentibus
441 2000 599 2084 perlectis,
632 1999 795 2062 exhibenti
825 1999 988 2062 restitutis.
1022 1997 1140 2060 Datum
1171 1997 1262 2058 Bude
1286 1994 1364 2058 leris
1388 2009 1474 2058 sexta

204 2109 350 2192 proxima
372 2121 443 2190 post
465 2106 581 2169 festum
605 2105 841 2190 purificationis
856 2104 1085 2187 gloriosissime
1101 2103 1233 2185 virginis
1250 2101 1361 2164 Marie.
1377 2105 1473 2162 Anno

208 2214 334 2276 domini
358 2213 533 2276 millesimo
557 2212 816 2294 quingentesimo
840 2211 1026 2274 tredecimo.
1111 2240 1120 2260 ·

316 2353 453 2420 Originale
479 2353 505 2404 in
531 2354 683 2404 membrana
701 2352 728 2405 in
746 2351 863 2418 marglne
882 2349 1002 2404 lulerlorl
1021 2350 1137 2416 elgillam
1157 2348 1240 2402 maius
1260 2347 1426 2414 impressam.
1446 2347 1474 2399 ln

209 2443 280 2495 arch.
300 2443 361 2494 incl.
381 2441 479 2494 Accua.
499 2439 597 2494 Sciant.
616 2438 719 2494 Slavor.
739 2441 830 2493 merid.

800 2721 882 2788 105.

314 2883 390 2935 llooo
411 2883 485 2950 1⁵13,
508 2885 547 2937 16.
567 2881 701 2934 februarii.
720 2879 877 2946 Zagrabiae.

209 3031 360 3089 Emericus
383 3031 477 3089 Peren
501 3031 593 3088 banus
615 3030 747 3088 declarat
767 3029 932 3105 Georgium,
950 3029 1139 3086 snorcdeonem
1160 3027 1475 3100 Brundenburgensem,

208 3137 239 3194 in
261 3155 353 3196 causa
376 3137 411 3194 de
433 3137 613 3196 vindicandis
634 3137 761 3194 ciuitatis
775 3135 1001 3210 possessionibus
1021 3135 1133 3207 Dedili,
1156 3115 1321 3192 Crnomerec
1344 3140 1393 3194 alc.
1409 3139 1477 3190 ocia

580 3245 612 3300 in
634 3243 839 3301 contumaciam
862 3259 920 3300 esse
941 3242 1107 3300 convictum.

321 3382 388 3445 Nos
420 3383 586 3444 Emericus
616 3382 655 3444 de
687 3382 787 3444 Peren
819 3401 927 3443 comes
951 3393 1123 3462 perpetuus
1147 3381 1316 3442 comitatus
1339 3380 1478 3460 Abawy·

212 3488 386 3568 watiensis,
408 3489 499 3570 regni
531 3488 697 3570 Hungarie
728 3487 889 3576 palatinus
921 3501 951 3549 et
972 3485 1068 3567 judex
1093 3487 1326 3565 Comanorum,
1351 3502 1477 3546 necnon

212 3614 386 3678 regnorum
421 3594 597 3673 Dalmacie,
633 3594 768 3656 Croacie
804 3608 834 3656 et
871 3593 1044 3656 Sclauonie
1079 3594 1181 3654 banus
1216 3612 1251 3652 ac
1287 3604 1479 3675 capetaneus

213 3701 406 3783 Segniensis.
432 3701 554 3763 Damus
577 3721 636 3783 pro
661 3701 827 3780 memoria,
847 3701 935 3782 quod
961 3700 1122 3762 lohannes
1147 3698 1186 3762 de
1211 3699 1298 3760 Mera
1322 3717 1380 3781 pro
1404 3717 1478 3779 pru·
1546 3685 1548 3690 ’

213 3806 364 3869 dentibus
387 3820 417 3868 et
438 3806 675 3890 circumspectis
695 3806 800 3888 judice
822 3819 853 3867 et
872 3805 993 3887 juratis,
1013 3805 1190 3887 ceterisque
1210 3805 1334 3866 civibus
1354 3822 1390 3865 ac
1411 3815 1478 3864 tota

214 3907 444 3975 communitate
482 3913 618 3976 civitatis
652 3913 771 3976 montis
802 3913 972 3976 Grecensis
1000 3931 1073 3974 curn
1107 3910 1333 3994 procuratoriis
1364 3908 1476 3971 litteris

214 4018 391 4081 eorundem
421 4033 530 4081 contra
553 4020 709 4082 illustrem
734 4019 903 4082 dominum
929 4019 1106 4100 Georgium
1130 4016 1349 4079 marchionem
1381 4016 1479 4077 Bran·

214 4126 485 4206 demburgensem
508 4127 547 4188 ab
571 4127 692 4188 octavis
715 4125 786 4188 festi
810 4124 1064 4208 Epiphaniarum
1093 4123 1215 4186 domini
1241 4123 1384 4204 proxime
1409 4140 1479 4203 pre·

214 4231 310 4311 teriti,
332 4231 461 4312 triginta
493 4233 637 4314 quinque
665 4231 779 4294 diebus
811 4231 972 4293 continuis
996 4230 1151 4312 legittime
1176 4229 1261 4291 stetit
1284 4228 1317 4290 in
1341 4228 1479 4290 termino

216 4357 324 4400 coram
356 4338 468 4416 nobis;
500 4339 555 4420 qui
580 4338 666 4400 iuxta
698 4337 915 4400 continencias
945 4337 1121 4398 litterarum
1154 4333 1396 4418 magnificorum
1422 4333 1479 4394 do·

217 4444 380 4506 minorum
405 4445 542 4506 condam
567 4445 699 4527 Georgii
723 4444 762 4506 de
782 4445 911 4526 Kanysa
932 4457 962 4505 et
984 4443 1138 4506 Johannis
1163 4441 1301 4503 Ernusth
1318 4441 1357 4501 de
1374 4439 1479 4502 Chalc-

216 4549 364 4633 thornya,
388 4550 467 4612 alias
497 4551 655 4613 dictorum
687 4570 860 4633 regnorum
893 4551 1069 4628 Dalmacie,
1095 4549 1230 4611 Croacie
1254 4561 1285 4610 et
1308 4546 1481 4609 Sclauonie

217 4659 376 4719 banorum
410 4658 705 4740 prorogatoriarum
739 4677 775 4720 ac
807 4657 937 4740 capituli
971 4657 1104 4720 ecclesie
1135 4655 1350 4738 zagrsbiensis
1381 4654 1480 4717 intro-

218 4764 438 4827 ductoriarum
462 4777 493 4826 et
512 4765 767 4827 evocatoriarum
787 4784 882 4847 super
903 4763 986 4826 facto
1003 4763 1279 4842 contradiccionis,
1295 4760 1481 4822 statucionis

217 4871 366 4933 totalium
401 4871 640 4954 possessionum
672 4871 817 4954 Dedych‚
853 4870 1101 4948 Chernomercz,
1134 4869 1257 4952 Bythek
1292 4881 1322 4929 et
1357 4867 1480 4928 Nowalr

218 4991 404 5040 vocatarum
436 4978 469 5039 in
501 4978 660 5040 territorio
696 4977 840 5040 eiusdem
874 4977 1019 5056 civitatis,
1050 4996 1174 5039 necnon
1208 4973 1281 5038 vadi
1315 4973 1481 5058 Kyralrew
