3752 5806
860 543 933 602 Dec.
949 557 980 620 4.
1009 575 1047 586 -—
1073 544 1128 600 An.
1149 555 1240 618 1500.

1036 770 1074 835 4.

525 891 600 944 Anno
624 891 700 958 1500,
719 892 761 944 29.
781 892 851 944 maii.
870 891 967 944 Eudae.

427 1019 601 1089 Vladislaus,
624 1013 804 1092 Hungam'ae
834 1025 882 1079 etc.
906 1037 969 1089 rex,
992 1019 1090 1076 Lucae
1119 1019 1245 1094 episcaaa
1271 1019 1458 1094 zagrabr'easi
1478 1023 1629 1095 praecipit,
1653 1028 1689 1078 ut

417 1127 560 1184 ecclesiam
575 1124 768 1183 cathedralem
784 1131 812 1181 et
824 1124 937 1182 danaum
953 1125 1136 1200 episcopalem
1152 1126 1290 1196 obstruat,
1306 1129 1442 1201 novasque
1453 1128 1686 1202 propugnaculis

410 1233 555 1306 fortificat
574 1231 724 1305 insumptis
740 1243 855 1288 loono
870 1230 956 1305 flam,
971 1249 1043 1305 quas
1067 1230 1223 1290 Osaaaldus
1244 1233 1390 1306 episcopus
1413 1233 1516 1290 ultima
1541 1234 1688 1291 voluntate

841 1333 888 1394 ad
906 1337 984 1394 hanc
1007 1355 1068 1396 rem
1084 1339 1264 1412 perscn'psit.

526 1476 724 1538 Wladislaus
748 1474 800 1536 dei
823 1476 929 1556 gracia
962 1495 1014 1537 rex
1047 1476 1223 1558 Hungarie,
1251 1477 1407 1539 Bohemie
1436 1491 1495 1539 etc.
1521 1476 1688 1538 Fidelibus

420 1584 535 1646 nostris
550 1583 796 1645 honorabilibus
806 1582 947 1664 capitulo
964 1582 1096 1644 ecclesie
1114 1583 1329 1664 zagrabiensis
1344 1584 1480 1645 salutem
1493 1595 1524 1645 et
1535 1582 1687 1663 graciam.

375 1693 380 1708 '
421 1686 585 1772 Expeditis
608 1688 672 1770 jam
696 1688 826 1750 tandem
847 1689 989 1770 negociis
1013 1703 1158 1749 nostrum
1182 1703 1213 1750 et
1236 1689 1339 1750 tocius
1362 1689 1451 1770 regni
1476 1687 1686 1749 commodum

419 1809 450 1857 et
475 1793 620 1856 utilatem
652 1795 929 1872 concernentibus,
953 1794 1134 1855 remisimus
1165 1794 1205 1855 ad
1230 1794 1318 1855 illam
1352 1794 1520 1855 ecclesiam
1544 1792 1687 1874 zagrabi-

420 1920 528 1962 ensem
561 1898 690 1962 fidelem
723 1913 879 1978 nostrum,
911 1899 1211 1962 reverendissimum
1244 1900 1276 1960 in
1308 1899 1437 1962 Christo
1473 1910 1606 1981 patrem,
1628 1896 1686 1959 do-

420 2008 545 2068 minum
578 2006 709 2085 Lucam,
741 2006 878 2068 electum
910 2003 1056 2067 eiusdem
1088 2005 1231 2084 ecclesie,
1260 2004 1429 2067 dominum
1467 2018 1498 2067 et
1528 2003 1687 2086 prelatum

420 2124 557 2190 vetrum,
588 2111 639 2172 cui
662 2112 745 2172 inter
779 2111 841 2172 alia
877 2111 1012 2192 negocia
1044 2124 1150 2172 nostra
1187 2111 1385 2192 expedienda
1421 2111 1629 2191 iniunximus,
1654 2123 1689 2171 ut

420 2217 586 2279 ecclesiam
604 2217 843 2298 zagrabiensem
857 2216 923 2295 diu,
936 2217 1139 2298 multumque
1157 2217 1348 2299 neglectam,
1364 2238 1399 2279 ac
1411 2218 1512 2278 eciam
1525 2215 1686 2298 palacium

421 2343 457 2385 ac
481 2323 615 2385 domum
641 2323 855 2405 episcopalem
881 2321 1054 2384 reformare
1076 2335 1115 2384 'et
1139 2337 1313 2384 restaurare
1345 2321 1469 2384 debeat.
1494 2322 1535 2383 Et
1558 2341 1598 2382 ne
1622 2335 1687 2382 tam

421 2429 574 2490 solemnis
606 2429 750 2508 ecclesia,
775 2448 847 2490 cum
887 2429 982 2489 tantis
1012 2428 1158 2509 expensis
1182 2428 1221 2488 ad
1249 2428 1378 2490 laudem
1403 2427 1453 2490 dei
1478 2427 1610 2489 lundata
1633 2446 1690 2508 per

422 2536 567 2596 incursus
587 2535 767 2596 Turcarnm
791 2535 890 2616 possit
914 2534 1090 2616 aliquando
1115 2533 1245 2614 destrui,
1262 2534 1482 2596 commisimus
1505 2533 1610 2594 eidem
1629 2532 1687 2593 do·

424 2641 513 2702 mino
530 2641 647 2720 Lucae,
664 2655 698 2702 ut
716 2660 782 2702 non
800 2641 906 2702 solum
918 2641 1073 2723 prefatam
1091 2641 1259 2702 ecclesiam
1275 2655 1306 2703 et
1322 2640 1456 2702 domum
1473 2639 1688 2722 episcopalem

422 2745 585 2825 reformet,
601 2746 657 2807 sed
682 2745 841 2808 destructo
866 2746 929 2826 jam
954 2747 1052 2808 veteri
1069 2761 1182 2825 castro,
1199 2746 1285 2828 juxta
1301 2745 1563 2830 predecessorum
1579 2757 1688 2806 nosto-

422 2871 494 2913 rum
518 2851 653 2931 indulta,
670 2853 779 2913 multis
803 2865 834 2913 et
858 2851 929 2913 aliis
952 2853 1045 2913 novis
1061 2853 1322 2935 propugnaculis,
1338 2852 1466 2913 meliori
1482 2851 1607 2930 ordine,
1623 2870 1689 2933 quo

422 2957 489 3019 fieri
521 2959 649 3041 poterit,
673 2958 831 3020 fortificet.
855 2958 906 3019 Ad
939 2979 1001 3040 que
1025 2959 1145 3038 omnia,
1169 2973 1204 3020 ut
1235 2959 1376 3042 vosipsi
1405 2956 1607 3020 considerare
1632 2977 1688 3040 po·

422 3065 533 3145 teritis,
565 3064 713 3126 maximis
745 3065 925 3147 sumptibus
955 3085 1036 3147 opus
1069 3065 1145 3143 erit,
1168 3065 1313 3127 fidelitati
1337 3077 1439 3127 vestre
1470 3064 1584 3126 harum
1609 3065 1689 3127 serie

425 3171 620 3253 precipimus
643 3184 674 3232 et
698 3171 899 3251 mandamus,
917 3185 1074 3253 quatenus
1097 3173 1214 3251 statim,
1230 3171 1367 3254 acceptis
1391 3171 1603 3254 presentibus,
1617 3170 1690 3232 illos

426 3277 536 3338 decem
561 3277 649 3338 mille
674 3276 823 3356 florenos,
841 3297 922 3358 quos
944 3278 1137 3339 reverendus
1161 3278 1326 3358 quondam
1350 3277 1501 3339 dominus
1518 3276 1691 3339 Oswaldus

427 3383 596 3464 episcopus
620 3382 706 3444 illius
729 3383 861 3444 ecclesie
884 3385 1099 3465 zagrabiensis
1124 3383 1163 3445 ad
1189 3383 1327 3466 prelatos
1347 3383 1473 3446 labores
1488 3395 1690 3445 testamenta-

432 3489 503 3549 liter
528 3484 725 3568 legaverat*),
738 3487 793 3548 sed
816 3503 847 3550 et
870 3489 948 3550 alias
963 3490 1125 3572 pecunias,
1143 3509 1205 3570 que
1222 3488 1307 3571 apud
1324 3509 1381 3550 vos
1397 3503 1471 3550 sunt
1486 3488 1537 3550 vel
1554 3488 1689 3550 alterum

424 3605 563 3655 vestrum
585 3592 862 3674 qualitercumque
886 3595 1023 3677 reposite
1048 3595 1120 3673 sint,
1139 3594 1260 3676 integre
1284 3608 1315 3656 et
1338 3594 1407 3655 sine
1430 3594 1541 3675 aliquo
1563 3591 1690 3655 defectu

424 3698 573 3760 manibus
603 3696 716 3780 prelati
748 3699 872 3760 domini
905 3700 990 3761 Luce
1026 3701 1186 3782 assignare
1218 3699 1361 3761 debeatis
1396 3714 1427 3760 et
1459 3696 1689 3781 teneanimi.'¹)

425 3806 522 3866 Secus
546 3823 612 3866 non
637 3803 760 3866 facturi.
785 3805 887 3884 Bude,
904 3804 981 3867 feria
1005 3819 1090 3868 sexta
1112 3807 1257 3888 proxima
1273 3819 1345 3888 post
1360 3804 1478 3867 festum
1494 3805 1690 3868 ascensionis

425 3911 568 3989 Domini,
593 3929 678 3971 anno
703 3910 847 3972 eiusdem
871 3911 1045 3973 millesimo
1070 3912 1338 3994 quingentesima

532 4050 651 4102 Farlattl.
670 4050 732 4102 lllir.
753 4049 824 4102 Sacr.
844 4049 918 4104 Tom.
937 4051 968 4104 V.
987 4066 1048 4116 pag.
1068 4051 1127 4104 512.

427 4229 450 4307 ⁸)
458 4232 604 4307 Quomodo
615 4231 711 4289 Lucas
730 4233 874 4306 eaiscapas
889 4239 1131 4288 commemoratam
1142 4233 1296 4306 pecuniam
1311 4250 1343 4289 ea
1358 4231 1477 4290 consilio
1491 4233 1688 4307 absumpserit,

969 4337 1160 4395 demonstrat:

427 4455 621 4521 Registrun
652 4471 710 4520 per
747 4471 806 4508 nos
833 4457 949 4508 Lucam
983 4457 1183 4522 episcopan
1211 4457 1333 4508 factum
1361 4471 1462 4522 super
1487 4460 1604 4510 decem
1624 4459 1689 4510 mll-

426 4544 517 4595 libus
550 4543 618 4595 flor.
650 4558 710 4609 per
741 4547 877 4596 condam
910 4545 1077 4597 dominum
1118 4544 1310 4596 Oswaldum
1342 4546 1540 4610 episcopam
1573 4549 1611 4598 ad
1643 4549 1688 4598 la·

695 4633 809 4684 boren
835 4635 986 4684 ecclesie
1012 4633 1258 4698 zagrabiensis
1285 4634 1433 4700 legatis.

427 4755 499 4820 Item,
519 4761 580 4806 aute
600 4758 740 4807 adventum
760 4761 878 4808 nostrum
892 4758 990 4810 donini
1004 4759 1037 4808 de
1056 4757 1173 4822 capitulo
1193 4758 1307 4808 ecclesie
1327 4772 1369 4808 za·

498 4844 647 4908 grabiensis
667 4845 824 4896 adlabores
845 4846 959 4896 ecclesie
979 4851 1159 4910 exposuerunt
1177 4884 1359 4897 ......
1383 4846 1408 4899 ss.
1429 4845 1486 4897 101,

428 4931 499 4996 ltem,
511 4932 589 4982 iidem
609 4932 707 4982 domini
728 4939 789 4996 post
810 4935 948 4983 adventum
963 4939 1080 4984 nostrum
1094 4935 1125 4984 ad
1140 4935 1249 4984 eosdem
1262 4935 1367 4986 labores

497 5021 648 5070 successive
669 5027 847 5084 exposuerunt
866 5060 1366 5076 ...............
1392 5023 1418 5074 ll.
1437 5020 1475 5074 ΙΜ
