3900 5804
834 589 910 647 Add.
935 591 1013 649 Anu.
1039 603 1132 668 1340.
1160 587 1249 667 1361.

1243 699 1407 706 -----—-
1413 700 1663 709 ..----.--.--.

398 838 598 898 conservare,
623 819 709 902 ipsos
732 819 859 902 penitus
890 819 930 880 de
954 833 1057 883 vestra
1088 821 1240 883 societate
1263 839 1299 882 ac
1336 819 1376 882 de
1399 821 1518 884 tenutis
1554 823 1668 884 vestris

400 924 584 988 abicientes.
609 925 708 988 Secus
730 925 757 986 si
781 925 867 1006 regie
892 926 1066 989 Maiestatis
1090 925 1350 1010 indignacionem
1383 947 1514 1008 gravem
1538 947 1596 990 vos
1620 929 1669 991 in-

400 1050 526 1093 currere
550 1031 783 1114 pertimescitis,
807 1030 911 1093 facere
935 1052 1000 1094 non
1025 1032 1189 1095 audentes.
1215 1033 1256 1094 Et
1278 1032 1339 1094 hoc
1363 1033 1514 1095 volumus
1545 1034 1668 1117 ubique

401 1137 433 1198 in
458 1136 538 1198 locis
560 1135 700 1218 publicis
722 1137 829 1219 paism
859 1138 1061 1220 proclamari,
1092 1159 1150 1201 nec
1182 1159 1239 1221 per
1269 1139 1457 1221 quempiam
1488 1153 1669 1202 vestrorum

400 1241 586 1304 huiusmodi
610 1243 904 1324 proclamacionem
929 1245 962 1306 in
983 1243 1064 1306 ioris
1096 1245 1207 1306 vestris
1231 1245 1456 1327 presummatis
1486 1245 1669 1328 prohibere.

403 1349 522 1410 Datum
546 1347 579 1410 in
601 1349 799 1431 Wyssegrad
824 1348 902 1412 feria
926 1364 1038 1432 quarta
1063 1351 1207 1433 proxima
1231 1364 1304 1434 post
1333 1349 1450 1413 festum
1483 1352 1580 1414 Pasce
1611 1352 1669 1414 do-

402 1454 494 1516 mini.
518 1457 616 1518 Anno
640 1455 785 1518 eiusdem
809 1455 934 1519 MCCC
958 1457 1218 1539 quadragesimo.

508 1593 584 1662 Nagy
604 1595 680 1650 imre.
701 1597 791 1648 Codex
812 1595 920 1662 diplom.
940 1598 1048 1663 isanger.
1070 1597 1281 1662 Andagavensis,
1300 1599 1354 1650 voi.
1373 1597 1415 1652 tv.
1435 1612 1494 1664 pag.
1518 1599 1557 1650 15.

508 2089 583 2143 Anno
605 2091 679 2144 1³61.
698 2090 722 2144 8.
742 2091 843 2156 aprilis.
864 2090 978 2158 Simigii.

408 2253 514 2312 Coram
537 2261 676 2312 conventu
697 2271 721 2315 s.
745 2254 850 2328 Egsils'i
870 2255 905 2314 de
930 2253 1059 2330 Simigro,
1090 2255 1190 2316 nurttt'i
1217 2257 1345 2315 civitates
1375 2258 1478 2314 montr's
1516 2255 1671 2314 Grecensis

403 2367 505 2419 contra
528 2361 696 2418 sententiam
721 2359 884 2420 Laurentii
904 2362 1039 2435 magistri
1068 2364 1280 2420 tovernicorum
1304 2363 1401 2437 inique
1424 2364 1515 2419 latam
1538 2369 1676 2419 recusant

562 2483 598 2524 oc
619 2466 867 2541 congregationem
898 2467 1034 2524 nobilium
1057 2467 1148 2546 regni
1169 2466 1330 2526 Slooomioe
1350 2470 1510 2542 appellant.

510 2605 577 2668 Nos
601 2617 778 2667 conventus
802 2605 987 2666 monasterii
1009 2605 1109 2666 sancti
1133 2605 1240 2686 Egidii
1265 2605 1303 2666 de
1333 2605 1490 2688 Symigio.
1515 2607 1671 2667 Memoris

406 2711 673 2774 commendamus
697 2711 815 2792 quibus
846 2710 975 2793 expedit
1006 2711 1163 2773 universis
1194 2712 1394 2793 presencium
1427 2731 1483 2794 per
1514 2725 1672 2790 tenorem,

407 2817 495 2898 quod
520 2817 642 2896 Petrus,
666 2816 751 2878 filius
784 2816 916 2896 Rubini,
950 2816 1140 2900 Stephanus,
1174 2816 1259 2878 iilius
1291 2817 1430 2879 Farcasii
1463 2831 1495 2878 et
1525 2817 1673 2896 Mathias,

408 2921 493 2984 filius
526 2923 695 3006 Kuchyne,
719 2937 941 3006 procuratores
974 2923 1093 2985 civium
1125 2923 1165 2985 de
1197 2921 1303 2985 Grech
1334 2923 1532 3003 zagrabiensi
1563 2942 1672 2984 coram

407 3029 501 3090 nobis
524 3043 747 3111 comparentes
770 3048 826 3111 per
850 3030 984 3091 modum
1009 3029 1253 3111 protestacionis
1285 3029 1379 3091 nobis
1409 3027 1587 3110 significare
1617 3048 1672 3091 cu·

407 3133 639 3216 rarunt,‘quod
663 3135 695 3196 in
720 3155 825 3213 causa,
849 3155 911 3216 que
935 3135 1018 3197 inter
1041 3136 1127 3217 ipsos
1143 3135 1227 3196 cives
1252 3134 1291 3196 de
1310 3133 1415 3197 Grech
1439 3148 1470 3196 et
1493 3134 1671 3216 capitulum

408 3240 540 3304 ecclesie
563 3241 779 3322 zagrabiensis
804 3243 888 3303 iuxta
914 3241 1149 3303 continenciam
1167 3241 1330 3302 literarum
1348 3240 1512 3321 quondam
1530 3240 1672 3321 magistri

410 3347 577 3409 Laurencii
602 3346 744 3427 magistri
769 3347 1028 3408 thavarnicorum
1061 3347 1217 3428 regalium
1251 3347 1284 3407 in
1316 3346 1478 3428 presencia
1511 3343 1672 3426 magnifici

408 3453 468 3515 viri
492 3451 647 3514 iohannis
670 3451 727 3514 filii
752 3453 917 3535 quondam
950 3453 1077 3515 Nicolai
1101 3453 1234 3536 palatini
1259 3453 1450 3532 vertebatur,
1482 3471 1538 3534 per
1567 3451 1672 3534 ipsum

408 3559 596 3641 magistrum
621 3559 801 3621 iohannem
825 3572 856 3620 et
880 3561 1017 3622 barones
1041 3559 1130 3620 nulia
1154 3559 1278 3620 iusticia
1303 3557 1425 3621 eisdem
1448 3558 1572 3619 civibus
1595 3555 1673 3618 iuis·

409 3679 456 3728 set
479 3667 622 3748 inpensa,
636 3677 667 3728 et
679 3665 740 3748 ipsi
763 3665 803 3726 ad
817 3665 1106 3748 congregacionem
1119 3664 1279 3726 nobilium
1303 3663 1472 3726 comitatus
1488 3663 1674 3744 aagrabien-

409 3771 451 3834 sis
475 3785 551 3832 tunc
574 3769 725 3850 fiendam,
749 3771 850 3854 ipsam
876 3789 1003 3832 causam
1036 3769 1262 3832 instantissime
1286 3769 1457 3852 peciissent
1480 3769 1520 3830 ab
1552 3767 1675 3831 eisdem

411 3877 584 3940 baronibus
608 3877 785 3959 prorogari,
810 3877 865 3958 qui
890 3876 1043 3960 peticioni
1067 3877 1212 3958 ipsorum
1236 3876 1269 3937 in
1300 3875 1359 3938 hac
1385 3889 1473 3958 parte
1505 3874 1674 3936 admittere

409 3995 618 4046 recusassent.
643 3981 738 4046 Unde
763 4002 803 4044 ne
828 3983 904 4065 ipsis
928 3983 1052 4044 civibus
1081 3981 1203 4065 grande
1227 3981 1441 4064 preludicium
1471 3993 1676 4063 generaretur

411 4089 444 4150 in
468 4088 527 4151 hac
551 4101 639 4170 parte
663 4088 696 4150 in
720 4086 875 4168 futurum,
899 4089 980 4150 sicut
1002 4101 1089 4170 tunc,
1106 4089 1149 4150 ita
1173 4108 1258 4150 nunc
1276 4089 1381 4170 ipsunt
1406 4087 1592 4169 magistrum
1621 4087 1674 4148 Jo-

411 4195 550 4258 hannem
574 4207 605 4256 et
628 4214 741 4256 omnes
778 4196 924 4274 barones,
948 4214 987 4256 ne
1023 4195 1056 4256 in
1080 4195 1147 4277 ipsa
1177 4215 1271 4256 causa
1302 4194 1435 4256 ulterius
1466 4193 1677 4275 procederent

412 4300 463 4363 vei
487 4300 594 4364 literas
618 4319 731 4362 eorum
756 4313 865 4362 contra
889 4301 976 4382 ipsos
999 4301 1084 4362 cives
1108 4301 1249 4362 emanari
1274 4298 1415 4362 iacerent
1431 4299 1483 4360 vel
1507 4300 1540 4360 in
1562 4299 1674 4380 aliquo

412 4406 533 4468 eisdem
558 4406 681 4468 civibus
705 4405 855 4487 injuriam
879 4405 1020 4469 facerent
1043 4406 1249 4489 prohiberent
1273 4404 1524 4468 contradicendo
1553 4418 1583 4465 et
1599 4423 1676 4465 con-

412 4512 610 4575 tradixerunt
640 4511 842 4595 prohibendo
874 4532 982 4574 coram
1006 4512 1111 4592 nobis,
1143 4511 1342 4594 appellantes
1365 4513 1466 4594 ipsam
1491 4529 1618 4572 causam
1643 4509 1676 4570 in

413 4619 701 4702 congregacionem
724 4633 935 4702 prenotatam.
961 4619 1079 4681 Datum
1104 4616 1181 4680 feria
1214 4617 1325 4699 quinta
1357 4617 1502 4699 proxima
1526 4629 1598 4699 post
1621 4634 1674 4677 oc·

412 4735 501 4787 tavae
524 4723 594 4787 festi
620 4725 740 4787 Pasche
764 4724 898 4788 domini.
923 4729 1019 4787 Anno
1041 4724 1185 4787 eiaisdem
1210 4722 1393 4785 MCCCLX
1416 4722 1533 4804 primo.

518 4864 655 4931 Originaie
674 4865 700 4916 in
719 4867 816 4930 charta,
835 4881 851 4917 a
869 4871 947 4932 tergo
962 4866 1102 4932 vestigium
1116 4865 1208 4931 sigilii.
1222 4863 1488 4929 inarcbis.1ib.reg.
1502 4863 1551 4914 civ.
1564 4861 1677 4928 Zagrab.
