3732 5802
625 542 701 602 Doc.
721 543 774 616 96.
802 573 839 585 -
866 541 924 600 An.
949 555 1035 617 1511.
1407 566 1459 606 111
1492 537 1497 542 ’

195 766 288 827 batur
311 766 413 827 eciam
438 766 558 828 ibidem
579 767 811 849 supplicationi
835 767 976 849 predicte
1001 769 1062 830 hoc
1084 770 1201 831 modo:
1224 771 1264 832 Et
1288 791 1344 852 per
1364 772 1464 834 Breve

196 872 227 935 S.
252 872 290 936 V.
315 885 448 953 attento,
473 873 561 954 quod
593 874 657 935 iarn
690 875 777 936 bulle
809 876 868 936 sub
900 876 1035 957 plumbo
1071 875 1217 956 expedite
1250 875 1387 939 fuerunt.
1421 914 1463 922 -

195 979 272 1040 Post
296 999 358 1060 que
381 979 478 1040 verba
502 979 649 1041 similiter
672 980 711 1041 de
735 980 840 1042 aliena
863 1000 962 1042 manu
983 982 1196 1063 subscriptum
1222 996 1305 1043 erat:
1324 982 1463 1044 Conces-

195 1103 277 1145 sum.
309 1085 344 1147 P.
376 1084 558 1147 Cardinalis
592 1086 692 1147 sancti
727 1085 868 1148 Eusebii.
904 1087 1023 1148 Datum
1059 1088 1163 1150 Rome
1198 1089 1283 1170 apud
1317 1102 1462 1150 sanctum

175 1182 337 1269 Petrum,
373 1191 486 1272 quinto
519 1190 591 1252 idus
624 1191 712 1270 Julii,
743 1211 829 1254 anno
862 1207 987 1254 octav0.
1024 1229 1066 1238 —
1100 1194 1262 1275 Privilegii
1296 1213 1372 1256 vero
1404 1196 1462 1256 sub

195 1295 332 1378 plumbo
361 1296 394 1357 in
426 1297 558 1358 cordula
589 1298 718 1380 canapis
750 1298 901 1380 expediti,
925 1312 1017 1360 tenor
1045 1312 1091 1360 est
1116 1300 1151 1378 is,
1176 1301 1230 1380 qui
1255 1301 1399 1380 sequitur
1422 1299 1462 1360 ad

194 1403 348 1464 verbum:
373 1401 459 1484 (vide
482 1403 562 1465 Doc.
587 1425 639 1488 75.
665 1425 716 1488 27.
742 1405 818 1468 maii
849 1405 952 1488 1510).
983 1406 1057 1466 Post
1085 1405 1356 1486 quarumquidem
1381 1405 1462 1467 litte-

194 1527 302 1570 rarum
333 1509 583 1591 apostolicarum
618 1511 904 1593 presentationem,
937 1512 1223 1593 receptionemque
1258 1510 1364 1572 debita
1389 1531 1461 1572 curn

194 1614 388 1693 reverencia,
405 1627 440 1676 ut
456 1614 598 1694 decebat,
611 1616 757 1677 volentes
772 1617 931 1679 mandatis
947 1617 1132 1699 apostolicis
1148 1618 1294 1678 similiter
1310 1617 1461 1698 peticioni

195 1717 309 1801 prelati
334 1720 525 1782 venerabilis
552 1720 676 1782 domini
701 1721 820 1784 Mathie
848 1723 976 1785 lectoris
999 1737 1030 1785 et
1053 1723 1210 1803 canonici,
1238 1723 1462 1805 procuratoris,

195 1837 226 1886 et
249 1826 443 1888 eonomine
468 1826 598 1909 capituli
623 1839 654 1888 et
677 1828 905 1890 canonicorum
931 1829 1014 1890 dicte
1038 1829 1171 1892 ecclesie
1195 1829 1410 1909 zagrabiensis
1431 1829 1463 1890 in

196 1932 349 1993 omnibus
373 1945 405 1994 et
426 1933 607 2014 peremnia
623 1953 746 1995 morem
763 1953 873 2014 gerere
891 1947 923 1996 et
938 1937 1161 2016 obtemperare
1178 1935 1218 1996 ad
1236 1935 1462 1996 executionem

196 2036 354 2100 dictarum
386 2037 561 2100 litterarum
591 2039 840 2121 apostolicarum
874 2039 906 2100 in
940 2040 1091 2102 omnibus
1116 2041 1302 2101 earumdem
1327 2040 1463 2122 punctis,

196 2142 348 2204 clausulis
372 2156 404 2204 et
427 2143 568 2205 articulis
591 2145 744 2207 canonice
768 2145 854 2206 iuxta
878 2146 993 2206 seriem
1016 2157 1046 2206 et
1067 2147 1302 2208 continenciam
1322 2145 1462 2208 mandati

195 2249 364 2332 apostolici
388 2250 482 2312 nobis
505 2252 641 2332 porrecti
666 2251 849 2333 procedere,
866 2251 1001 2333 proinde
1022 2272 1078 2333 per
1099 2273 1228 2334 presens
1245 2252 1385 2313 edictum
1403 2251 1462 2313 hot

195 2369 341 2418 nostrum
364 2355 531 2438 publicum
556 2355 679 2418 loribus
702 2356 798 2420 huius
821 2357 906 2418 alme
930 2357 1063 2418 ecclesie
1088 2359 1301 2440 zagrabiensis
1321 2357 1463 2434 affixum,

195 2461 409 2541 notificamus,
434 2463 597 2524 insuamus
621 2475 652 2524 et
675 2463 928 2544 promulgamus,
955 2464 1212 2545 requirimusque
1237 2478 1268 2526 et
1292 2483 1463 2524 evocamus

195 2588 309 2629 omnes
346 2581 376 2629 et
407 2568 553 2651 singulos
585 2568 617 2629 in
649 2569 775 2630 civitate
809 2569 867 2630 hat
892 2571 1096 2650 Zagrabiensi
1129 2569 1179 2631 vel
1211 2583 1296 2632 extra
1328 2571 1464 2631 ubilibet

196 2673 387 2734 constitutos
417 2686 447 2735 et
479 2673 657 2752 existentes,
683 2693 821 2754 quorum
853 2675 973 2736 scilicet
1007 2675 1146 2753 interest,
1171 2675 1320 2738 interesse
1345 2688 1462 2757 posset,

194 2793 248 2840 aut
280 2779 431 2840 interesse
455 2791 629 2861 putaretur,
662 2780 813 2860 quatinus
840 2781 898 2862 ipsi
924 2794 955 2842 et
979 2780 1116 2861 quilibet
1139 2801 1250 2842 eorum
1275 2802 1331 2863 per
1355 2801 1387 2842 se
1412 2781 1462 2841 vel

194 2905 289 2948 suum
314 2897 554 2968 procuratorem
585 2884 779 2946 sufficienter
804 2887 991 2948 instructum
1021 2888 1129 2969 spacio
1154 2907 1271 2949 novem
1298 2887 1420 2947 dierum
1446 2906 1462 2948 a

195 2993 246 3054 die
268 2991 428 3053 affixionis
445 2991 645 3074 presencium
662 3010 768 3053 coram
788 2993 881 3053 nobis
899 2993 929 3053 in
948 2993 1020 3054 loco
1039 2993 1233 3054 iudiciorum
1250 3006 1280 3052 et
1296 3012 1462 3053 causarum

195 3097 493 3176 examinandarum,
517 3097 569 3159 hic
601 3098 767 3179 Zagrabie,
800 3112 1006 3180 compareant
1037 3099 1087 3160 vel
1120 3111 1312 3180 compareat,
1336 3117 1463 3159 causam

193 3204 386 3287 legittimam
422 3217 453 3264 et
487 3202 698 3265 sufficientem
733 3203 758 3264 si
789 3223 886 3285 quam
919 3203 1038 3265 habent
1069 3205 1119 3265 vel
1152 3203 1258 3282 habet,
1292 3223 1390 3285 quare
1422 3203 1462 3263 ad

194 3311 424 3372 executionem
457 3309 652 3393 prefatorum
687 3309 864 3372 litterarum
900 3311 1148 3392 apostolicarum
1191 3309 1365 3391 procedere
1397 3329 1462 3369 non

195 3419 399 3496 deberemus,
423 3417 628 3498 allegaturus.
654 3416 802 3489 Quorum
836 3417 967 3497 quidem
1001 3425 1118 3478 noveni
1143 3415 1280 3498 (dierum
1307 3414 1464 3498 spacium)

195 3537 225 3585 et
248 3543 358 3586 eorem
382 3523 514 3584 cuilibet
537 3536 599 3584 tres
624 3541 681 3604 pro
705 3522 821 3603 primo,
839 3536 902 3584 tres
926 3542 984 3604 pro
1010 3521 1152 3583 secundo
1178 3535 1209 3583 et
1233 3522 1374 3603 reliquos
1402 3534 1464 3581 tres

195 3630 263 3692 dies
296 3649 356 3712 pro
379 3630 489 3702 111110,
516 3628 696 3708 ultimoque
730 3641 760 3689 et
794 3629 1011 3710 peremptorio
1042 3629 1181 3689 termino
1213 3648 1269 3710 per
1301 3639 1463 3709 presentes

195 3737 407 3817 assignamus,
435 3734 582 3814 alioquin
615 3747 688 3814 post
718 3734 863 3816 elapsum
895 3734 1054 3795 dictorum
1088 3753 1204 3794 novem
1229 3734 1366 3811 dierum,
1398 3752 1480 3793 non·

194 3843 342 3904 obstante
367 3839 624 3902 contradiccione
648 3839 787 3900 cuiusvis
811 3840 851 3900 ad
876 3841 1109 3901 execucionem·
1126 3839 1268 3900 mandati
1293 3838 1461 3920 apostolici

195 3948 282 4009 iuxta
314 3947 429 4008 seriem
461 3960 492 4008 et
524 3946 759 4007 continenciam
792 3946 935 4007 eiusdem
971 3946 1193 4029 procedemus,
1223 3945 1461 4026 procedereque

195 4053 367 4116 efficaciter
405 4052 612 4131 intendimus,
652 4053 851 4134 presentibus
890 4052 1009 4113 ibidem
1042 4053 1191 4113 testibus:
1231 4050 1387 4112 Michaele
1424 4049 1463 4110 de

197 4160 316 4238 Mlalta,
349 4158 495 4221 Johanne
528 4158 568 4218 de
604 4157 790 4241 Pobressye,
816 4156 1056 4238 Bart(holomeo
1087 4157 1126 4218 de
1152 4208 1159 4220 .
1186 4207 1192 4220 .
1220 4209 1224 4219 .
1251 4155 1297 4237 cz)
1330 4157 1464 4237 preben-

196 4265 293 4327 dariis
326 4264 465 4326 antefate
497 4264 629 4325 ecclesie
653 4264 880 4344 zagrabiensis,
904 4262 1050 4324 Johanne
1077 4309 1318 4325 ........
1344 4261 1464 4322 Mathia

196 4371 235 4433 de
260 4418 267 4432 .
294 4421 301 4434 .
327 4421 334 4434 .
360 4383 391 4432 et
414 4371 553 4432 Martino
577 4369 616 4430 de
643 4368 738 4430 Obed
762 4382 868 4429 sancta
894 4389 997 4448 cruce,
1022 4368 1263 4450 Barltholomeo
1284 4412 1462 4428 .......

196 4478 338 4560 virginis.
370 4476 488 4538 Datum
521 4475 694 4557 Zagrabiae
728 4474 904 4556 penultima
929 4475 1046 4536 mensis
1070 4473 1206 4554 augusti,
1231 4491 1326 4550 ann0,
1352 4490 1460 4531 mense

197 4599 227 4646 et
256 4585 331 4646 loco
362 4583 479 4664 quibus
513 4603 619 4664 supra.
651 4581 726 4642 Post
762 4580 1033 4661 quarumquidem
1069 4580 1244 4641 litterarum
1280 4589 1461 4638 nostrarum

197 4690 362 4753 citationis
385 4689 481 4750 simul
505 4703 537 4750 et
559 4687 786 4750 mandatorum
810 4686 1061 4768 apostolicorum
1086 4685 1130 4745 sit
1155 4699 1189 4745 ut
1209 4683 1398 4765 premissum
1418 4695 1464 4743 est

197 4797 420 4874 tradicionem,
441 4795 693 4876 assignationem
716 4805 747 4853 et
764 4839 872 4854 .....
894 4811 952 4872 pro
975 4803 1062 4872 parte
1080 4789 1239 4851 dictorum
1256 4788 1462 4849 dominorum

198 4903 327 4985 capituli
352 4915 383 4963 et
407 4901 634 4962 canonicorum
660 4918 715 4980 per
735 4897 894 4980 prelatum
911 4895 1080 4956 dominum
1100 4895 1252 4956 Mathiam
1271 4944 1277 4956 .
1298 4942 1304 4955 .
1323 4940 1330 4954 .
1347 4891 1463 4972 legitti·=

199 5029 285 5070 muru
303 5009 412 5070 debita
429 5027 501 5069 curn
519 5007 672 5068 instantia
696 5004 851 5086 requisiti,
868 5015 902 5064 ut
918 5003 958 5064 ad
976 5001 1202 5062 executionem
1219 5000 1462 5082 prescriptarum
