3732 5802
564 571 566 578 ,
613 539 685 598 Doc.
707 553 762 616 94.
788 572 828 584 -
853 539 910 598 An.
937 549 1019 613 1511.

789 767 853 832 94.

285 922 361 974 Anno
383 923 458 988 1511,
478 922 520 975 23.
540 924 655 988 augusti.
676 923 761 974 Crisii.

175 1049 353 1107 Francistus
374 1048 408 1108 de
423 1050 548 1108 Morolo
566 1053 791 1126 protonotarius,
801 1051 972 1126 judicesque
991 1053 1142 1110 comitatus
1164 1054 1307 1110 crt'siensis
1330 1054 1361 1110 in
1384 1071 1448 1110 con·

172 1154 350 1230 gregattone
366 1154 509 1231 generali,
523 1157 714 1216 testemonium
729 1157 810 1215 dictis
825 1159 937 1216 testeum
952 1159 1162 1234 confirmatum,
1177 1158 1280 1218 domat
1291 1155 1448 1232 capitulum

308 1263 493 1335 sagrobt'eosc
515 1264 675 1338 antiquitus
687 1264 761 1339 jure
775 1264 845 1338 fori
865 1265 896 1320 in
919 1282 992 1322 oreo
1014 1265 1135 1338 capituli
1155 1283 1213 1322 esse
1236 1283 1326 1326 usum.

285 1401 353 1462 Nos
374 1402 524 1482 magister
540 1401 727 1464 Franciscus
750 1401 790 1463 de
809 1401 958 1464 Marocha
983 1403 1159 1485 personalis
1180 1403 1343 1485 presencie
1360 1404 1446 1484 regie

178 1505 355 1568 Maiestatis
389 1527 425 1568 ac
460 1507 550 1589 regni
586 1507 757 1569 Sclauonie
794 1507 1065 1590 prothonotarius,
1101 1529 1227 1571 necnon
1264 1508 1446 1592 Stephanus

178 1611 218 1672 de
252 1613 353 1692 Hom,
382 1613 537 1675 Nicolaus
568 1613 608 1675 de
640 1613 793 1696 Pezeryo,
818 1615 930 1676 Petrus
962 1615 1108 1698 lmprych
1141 1616 1179 1676 de
1211 1616 1383 1697 Jamnycza
1415 1629 1446 1676 et

179 1716 356 1799 Gregorius
380 1718 542 1803 Othmych
571 1720 610 1780 de
635 1719 789 1799 Kloltoth,
812 1719 935 1801 judices
958 1721 1119 1782 nobilium
1143 1721 1312 1782 comitatus
1335 1739 1445 1801 zagra-

177 1825 308 1886 biensis.
326 1826 481 1888 Memotie
505 1825 781 1906 commendamus,
799 1826 886 1908 quod
911 1827 1006 1890 nobis
1030 1827 1062 1888 in
1087 1827 1224 1910 presenti
1249 1825 1329 1888 festo
1354 1829 1444 1889 beate

178 1931 279 1994 Marie
305 1931 344 1992 de
368 1933 441 1994 nive
466 1933 498 1994 in
523 1933 649 1994 civitate
675 1933 815 1996 crisiensi
840 1935 873 1996 in
897 1934 1150 2016 congregacione
1174 1933 1314 2015 generali
1340 1933 1444 2014 regni·

177 2037 323 2098 colatum
347 2037 422 2099 dicti
446 2038 535 2119 regni
562 2038 733 2100 Sclauonie
758 2040 937 2102 constitutis
957 2055 988 2102 et
1010 2040 1228 2118 existentibus,
1245 2039 1444 2101 venerabiles

176 2142 302 2204 domini
320 2143 463 2205 Andreas
487 2163 573 2206 sacre
597 2145 760 2226 theologie
784 2166 819 2207 ac
844 2145 965 2207 arcium
989 2146 1170 2208 liberalium
1192 2157 1222 2208 et
1243 2143 1443 2206 decretorum

176 2249 301 2328 doctor,
329 2250 509 2332 prepositus
541 2249 735 2312 chasmensis
771 2265 802 2312 et
833 2251 969 2312 vicarius
999 2251 1131 2314 ecclesie
1164 2249 1378 2332 zagrabiensis
1408 2270 1444 2312 ac

176 2355 328 2436 magister
350 2355 486 2416 Mathias
513 2355 553 2418 de
578 2355 777 2439 Bedenycza,
797 2357 897 2418 lector
921 2371 951 2418 et
975 2358 1120 2420 canonici
1145 2355 1289 2444 eiusdem
1311 2355 1443 2418 ecclesie

175 2462 391 2542 zagrabiensis
411 2461 442 2522 in
464 2461 606 2544 ipsorum
625 2462 835 2545 personaliter
857 2483 893 2524 ac
914 2483 972 2546 pro
992 2462 1132 2545 capitulo
1150 2462 1294 2524 eiusdem
1311 2461 1443 2523 ecclesie

174 2567 391 2648 zagrabiensis
428 2567 590 2629 canonicis
624 2567 745 2629 scilicet
781 2568 923 2650 ipsorum
960 2589 1033 2632 cum
1070 2568 1297 2652 procuratoriis
1332 2567 1443 2630 litteris

174 2673 332 2752 eiusdem,
353 2687 494 2734 nostram
518 2675 682 2736 venientes
705 2675 738 2736 in
763 2676 971 2756 presenciam,
992 2675 1205 2737 exhibuerunt
1229 2687 1259 2736 et
1282 2687 1442 2756 presenta-

174 2792 291 2841 verunt
326 2779 420 2841 nobis
452 2779 608 2860 quasdam
639 2793 701 2842 tres
732 2780 852 2843 litteras
882 2795 983 2843 vestre
1014 2781 1187 2843 Maiestatis
1218 2779 1442 2862 preceptorias,

175 2905 254 2946 unas
288 2885 382 2946 nobis
409 2885 607 2967 preceptorie
632 2885 802 2968 loquentes
826 2901 856 2948 et
879 2887 958 2950 alias
981 2887 1060 2949 duas
1083 2887 1182 2949 modo
1206 2885 1302 2948 simili
1327 2905 1386 2946 nos
1410 2886 1442 2948 in

174 2991 283 3071 aliqua
315 2990 364 3051 sui
394 3005 483 3072 parte
518 3005 696 3073 tangentes,
719 2993 752 3053 in
783 2993 895 3074 papiro
927 3007 1072 3074 patenter
1099 2991 1269 3054 coniectas.
1296 2991 1442 3064 Quarum

169 3097 277 3179 prime
310 3095 430 3158 scilicet
461 3097 564 3159 littere
598 3110 699 3159 vestre
732 3099 906 3161 Maiestatis
937 3099 1135 3182 preceptorie
1165 3097 1258 3159 nobis
1280 3096 1442 3177 loquentis

175 3217 267 3265 tenor
296 3202 369 3264 talis
401 3215 467 3264 est:
502 3201 587 3285 (vide
612 3202 691 3265 Doc.
715 3225 766 3286 90.
788 3203 827 3265 de
851 3225 937 3267 anno
968 3227 1058 3286 1511.
1085 3225 1114 3265 2.
1139 3203 1241 3285 junii).
1266 3237 1308 3247 -
1333 3201 1441 3264 Altera

175 3329 251 3371 vero
283 3309 470 3370 earumdem
500 3309 583 3371 hanc
613 3311 775 3372 verbalem
803 3311 949 3372 servabat
974 3310 1228 3372 continenciam:
1253 3307 1339 3390 (vide
1365 3307 1441 3371 Doc.

175 3415 226 3478 81.
252 3415 293 3476 de
318 3435 403 3477 anno
430 3437 522 3496 ¹510·
550 3437 597 3496 14.
618 3415 828 3499 septembris).
846 3453 889 3462 —
913 3417 1028 3478 Tercle
1053 3429 1160 3478 autem
1182 3429 1275 3476 tenor
1298 3413 1442 3496 sequitur

176 3522 207 3582 in
232 3521 318 3583 hunc
342 3521 477 3583 modum
500 3521 586 3602 (vide
606 3522 686 3584 Doc.
707 3544 759 3604 91·
781 3522 820 3582 de
845 3541 930 3584 anno
960 3544 1050 3602 1511.
1073 3541 1102 3584 2.
1122 3519 1224 3602 junii).
1242 3555 1283 3565 -
1301 3519 1441 3592 Quibus·

175 3628 308 3710 quidem
338 3627 453 3690 litteris
484 3641 586 3690 vestre
619 3628 793 3690 Maiestatis
824 3629 918 3689 nobis
948 3627 1137 3710 presentatis
1167 3647 1226 3687 nos
1254 3645 1328 3687 mox
1354 3625 1439 3688 iuxta

174 3735 393 3796 continentias
409 3735 656 3817 preinsertarum
673 3735 849 3796 litterarum
867 3747 968 3795 vestre
983 3733 1156 3795 Maiestatis
1169 3731 1439 3814 preceptoriarum

173 3860 229 3922 per
252 3853 476 3922 procuratores
507 3839 694 3902 earumdem
718 3853 926 3922 utrarumque
950 3840 1094 3923 parcium
1124 3857 1231 3900 coram
1256 3837 1349 3898 nobis
1372 3855 1440 3918 pre·
1490 3853 1491 3858 ¹

173 3947 318 4010 sentibus
348 3947 468 4008 eisdem
498 3947 640 4028 partibus
663 3965 721 4028 pro
745 3947 937 4009 executione
962 3947 1189 4029 premissorum
1214 3943 1440 4006 mandatorum

172 4065 276 4113 vestre
293 4052 477 4132 Maiestatis,
493 4050 605 4114 leriam
622 4065 769 4134 quartam
785 4053 964 4134 proximam
982 4065 1054 4114 ante
1073 4050 1190 4113 festum
1206 4048 1439 4131 assumpcionis

172 4161 264 4220 beate
287 4157 389 4220 Marie
412 4157 544 4239 virginis
560 4158 704 4240 proxime
720 4171 921 4237 transactam,
938 4157 1135 4240 preteritum,
1152 4155 1440 4239 congregacionem

172 4264 293 4326 scilicet
313 4263 548 4344 regnicolarum
569 4262 656 4324 illius
672 4263 841 4324 comitatus
857 4263 1073 4344 zagrabiensis
1089 4262 1272 4344 generalem
1289 4279 1347 4342 pro
1364 4273 1440 4321 tunc

173 4368 400 4432 celebrandam
430 4389 489 4451 pro
519 4369 657 4431 termino
691 4369 909 4430 statuissemus
941 4381 971 4430 et
1003 4367 1238 4451 prefixissemus
1270 4386 1306 4427 ac
1331 4365 1440 4427 locum

172 4495 379 4539 communem
398 4476 587 4557 Zagrabiam
606 4475 859 4558 deputassemus.
877 4477 918 4538 Et
933 4475 1064 4537 tandem
1088 4493 1160 4536 cum
1178 4493 1237 4536 nos
1251 4473 1390 4535 termino
1407 4472 1440 4534 in

171 4582 347 4666 prescripto
372 4581 560 4664 Zagrabiam
585 4581 835 4661 accessissemus,
858 4581 1053 4664 eosdemque
1081 4579 1231 4642 dominos
1251 4577 1441 4661 capitulares

171 4709 207 4750 ac
236 4687 379 4770 judicem
411 4699 442 4749 et
472 4687 593 4770 juratos
624 4689 709 4751 cives
732 4701 871 4771 pretacte
896 4687 1030 4749 civitatis
1062 4686 1181 4748 montis
1206 4684 1376 4748 Grecensis
1399 4683 1439 4745 ad

144 4793 325 4877 *premissa
356 4793 539 4877 peragenda
571 4813 607 4856 ac
634 4813 730 4876 super
753 4793 915 4876 premissis
939 4793 1025 4854 iuxta
1048 4805 1187 4875 pretacte
1211 4805 1314 4854 vestre
1340 4790 1439 4852 Maie-

171 4900 259 4962 statis
282 4899 434 4962 mandata
458 4900 698 4961 attestacionem
722 4897 902 4960 faciendam
919 4898 1130 4981 personaliter
1146 4898 1301 4979 legittime
1317 4914 1440 4960 ammo·

170 5007 363 5085 nuissemus,
386 5019 462 5067 tunc
492 5005 591 5067 iidem
623 5005 718 5087 judex
751 5017 782 5067 et
813 5004 906 5086 jurati
940 5005 1025 5066 cives
1054 5004 1136 5065 dicte
1161 5003 1297 5065 civitatis
1320 5001 1440 5064 montis
