3808 5792
641 555 812 636 Doc.196.
838 563 950 619 -'An
986 573 1072 637 1525.
1423 581 1483 642 245

222 806 321 868 regno
345 799 376 848 et
400 787 561 848 indultum
585 786 799 869 apostolicum
824 787 1028 870 promulgare
1043 789 1196 868 debeatis,
1220 802 1309 851 utet
1334 791 1485 872 quatinus

221 894 360 955 universi
373 895 523 975 utiusque
535 913 628 954 sexus
638 893 755 955 Christi
764 893 923 956 fidelesad
933 914 1002 973 uos,
1011 895 1243 977 ecclesiamque
1254 895 1336 958 hanc
1344 909 1486 958 nostram

221 1001 435 1063 cathedralem
448 1019 485 1062 ac
495 999 534 1062 ad
545 1000 619 1061 illos
632 999 830 1062 confessores
842 1001 1022 1063 sacerdotes
1035 1015 1099 1063 tam
1114 1003 1275 1084 regulares
1287 1022 1384 1084 quam
1398 1021 1486 1064 secu-

221 1107 303 1169 lares
326 1127 383 1190 per
406 1126 465 1168 nos
489 1106 659 1189 deputatos
683 1105 833 1168 accedere
870 1107 1017 1186 debeant,
1042 1109 1096 1188 qui
1131 1108 1301 1170 audiendis
1333 1107 1484 1170 confessi·

221 1214 338 1276 onibus
364 1233 476 1275 eorum
501 1213 587 1275 iuxta
619 1213 853 1274 continenciam
890 1214 1080 1296 transumpti
1112 1214 1199 1275 bulla
1223 1215 1408 1296 apostolice,
1432 1233 1487 1276 eos

221 1322 261 1382 ab
284 1320 435 1381 omnibus
459 1319 595 1402 peccatis
620 1337 733 1380 eorum
758 1332 1056 1400 quantumcumque
1081 1320 1268 1381 enormibus
1285 1333 1315 1382 et
1336 1319 1487 1401 gravibus

221 1427 399 1504 absolvere,
422 1446 458 1487 ac
482 1445 541 1508 pro
565 1426 664 1487 modo
689 1425 782 1507 culpe
806 1425 980 1488 salutarem
1016 1426 1231 1508 penitenciam
1263 1427 1431 1508 iniungere
1456 1439 1486 1488 et

221 1545 296 1595 vota
321 1533 352 1593 in
378 1533 441 1594 alia
477 1551 575 1613 opera
598 1530 725 1613 pietatis
760 1544 958 1592 commutare
993 1532 1116 1614 possint
1150 1545 1181 1592 et
1213 1531 1352 1594 valeant.
1389 1531 1487 1594 Secus

220 1659 303 1721 pena
327 1639 386 1700 sub
410 1639 562 1720 premissa
586 1655 652 1698 non
676 1636 799 1699 facturi.
825 1637 944 1699 Datum
969 1638 1123 1718 Zagrabie
1148 1638 1180 1699 in
1213 1636 1293 1699 festo
1318 1638 1486 1700 Resurrec-

220 1744 318 1806 tionis
341 1743 477 1806 domiui.
512 1747 608 1804 Anno
646 1742 791 1804 eiusdem
826 1742 1000 1806 millesimo
1035 1743 1295 1826 quingentesimo
1330 1744 1487 1826 vigesimo

222 1850 346 1931 quinto.

433 1935 545 1999 Simon
570 1935 667 2019 episc.
692 1937 908 2018 zagrabiensis

539 2061 638 2104 manu
662 2043 801 2124 propria.

328 2183 464 2250 Originale
483 2185 509 2236 in
534 2184 632 2246 charta,
658 2187 700 2234 sat
724 2197 842 2234 exesum.
872 2183 899 2235 la
931 2185 1034 2250 magiae
1061 2185 1179 2236 inferiori
1209 2183 1325 2250 sigillum
1357 2184 1440 2248 episc.
1460 2184 1486 2234 la

220 2269 320 2324 archiv,
339 2287 397 2326 ven.
417 2273 495 2337 capit.
516 2273 622 2339 zagrab.

814 2553 899 2619 196.

327 2711 401 2762 Anao
422 2711 499 2764 1525.
519 2713 562 2766 23.
582 2710 681 2776 aprilis.
702 2711 800 2764 Budas.

220 2855 387 2914 Lurhvicus
410 2858 464 2928 ll,
488 2859 591 2932 Hung.
615 2865 665 2920 etc.
688 2877 750 2933 rex,
774 2859 851 2918 civit.
874 2857 982 2916 montis
1012 2856 1116 2919 Greek.
1140 2876 1194 2932 que
1216 2857 1260 2914 ad
1278 2857 1488 2932 defendendam

215 2962 349 3028 patriam
381 2962 452 3020 dare
473 2963 589 3022 deberet
607 2963 755 3037 ingentem
789 2971 943 3037 campestre
975 2979 1037 3021 eum
1054 2973 1101 3038 50
1131 2961 1228 3036 globis
1247 2979 1281 3019 ac
1304 2962 1488 3037 pulven'bus,

337 3077 423 3143 atque
444 3088 506 3126 cum
528 3088 619 3128 curru
643 3077 670 3126 et
690 3071 828 3143 magistro
850 3069 1060 3144 bombardae-ie,
1074 3069 1126 3126 hoc
1148 3086 1234 3128 onere
1255 3069 1372 3128 relevat.

874 3225 1034 3277 Commisslo
1053 3225 1163 3290 propria
1182 3224 1280 3275 domini
1302 3223 1382 3290 ragis.

329 3335 515 3396 Ludouicus
539 3333 591 3395 dei
614 3333 719 3416 gracia
744 3354 797 3394 rex
823 3333 988 3415 Hungarie
1013 3347 1043 3394 et
1060 3331 1215 3394 Bohemie
1237 3345 1295 3394 etc.
1320 3331 1488 3392 Fidelibus

221 3441 339 3503 nostris
363 3439 574 3523 prudentibus
598 3453 629 3501 et
653 3439 890 3521 circumspectis
913 3438 1011 3520 judici
1029 3450 1060 3499 et
1077 3437 1185 3516 juratis
1206 3437 1330 3499 civibus
1353 3437 1489 3498 civitatis

221 3561 330 3609 nostre
354 3546 473 3608 montis
497 3545 666 3608 Grecensis
689 3545 825 3607 salutem
850 3559 880 3607 et
903 3545 1053 3626 graciam.
1077 3543 1234 3618 Quamvis
1258 3543 1371 3604 diebus
1395 3562 1487 3624 supe-

222 3655 361 3716 rioribus
385 3653 477 3714 vobis
500 3652 632 3733 perinde
656 3665 752 3733 atque
776 3652 847 3713 aliis
870 3651 1020 3713 fidelibus
1055 3651 1171 3713 uostris
1202 3649 1379 3712 ceterarum
1412 3649 1487 3710 civi-

222 3773 326 3822 tatum
366 3773 547 3821 nostrarum
583 3761 756 3822 liberarum
798 3757 1068 3836 mandaverimus,
1108 3770 1143 3818 ut
1181 3775 1282 3818 unum
1322 3754 1489 3837 ingenium

222 3879 399 3948 campestre
424 3885 496 3926 cum
522 3866 755 3946 quinquaginta
778 3865 885 3946 globis
916 3883 952 3926 ac
984 3863 1181 3946 pulveribus,
1213 3883 1271 3925 nec
1304 3881 1370 3924 non
1394 3881 1488 3923 curru

222 3987 253 4034 et
279 3972 431 4053 magistro
456 3972 681 4034 bombardario
705 3971 854 4033 ordinare
878 3969 1047 4048 deberetis,
1061 3969 1172 4030 vestris
1196 3968 1341 4050 expensis
1357 3987 1396 4028 eo
1413 3968 1486 4029 mit-

222 4079 368 4156 tendum,
393 4097 458 4159 quo
483 4077 653 4139 necessitas
688 4078 776 4158 regni
811 4076 971 4138 videretur
1004 4077 1141 4158 exigere.
1171 4075 1329 4154 Preterea,
1361 4087 1396 4136 ut
1430 4093 1488 4157 pro

222 4186 340 4247 nostris
365 4184 501 4265 ingeniis
533 4203 663 4264 quoque
688 4184 753 4245 duo
790 4182 970 4244 centenaria
1003 4182 1173 4264 pulverum
1209 4181 1284 4243 dare
1319 4180 1488 4242 deberetis.

225 4292 357 4368 Verum,
381 4291 534 4371 quoniam
560 4311 595 4350 ea
620 4289 730 4351 civitas
754 4309 791 4349 ex
816 4287 978 4349 vicinitate
995 4288 1165 4349 insultibus
1182 4287 1321 4348 hostium
1346 4287 1486 4348 obnoxia

223 4417 319 4478 egere
343 4396 455 4478 pocius
480 4397 574 4457 rebus
598 4395 721 4457 bellicis
744 4414 803 4476 pro
834 4393 883 4454 sui
908 4392 1094 4455 defensione
1118 4393 1254 4472 videtur,
1278 4411 1376 4475 quam
1400 4391 1488 4473 quod

223 4523 288 4583 eas,
313 4522 392 4583 quas
417 4501 515 4563 modo
538 4501 644 4580 habet,
666 4501 730 4562 alio
754 4499 854 4581 possit
878 4499 963 4577 dare,
988 4517 1048 4559 nos
1072 4499 1168 4579 igitur
1191 4512 1260 4560 tum
1284 4519 1321 4558 ex
1345 4517 1394 4578 eo,
1419 4511 1487 4558 tum

224 4629 301 4670 vero
325 4609 365 4670 ad
390 4607 620 4669 nonnullorum
647 4605 791 4668 fidelium
813 4619 995 4666 nostrorum
1013 4604 1297 4686 supplicacionem,
1314 4603 1374 4665 hoc
1391 4623 1488 4665 onere

224 4737 281 4778 vos
305 4715 459 4776 levandos
495 4727 525 4775 et
557 4713 648 4774 istam
685 4713 844 4774 civitatem
880 4725 1021 4772 nostram
1058 4709 1294 4772 exonerandam
1329 4708 1488 4771 duximus.

223 4822 384 4884 Volumus
407 4835 513 4881 tamen
539 4834 570 4881 et
600 4819 791 4880 mandamus
824 4818 925 4895 vobis,
959 4830 994 4878 ut
1017 4817 1201 4878 huiusmodi
1234 4816 1339 4898 gracia
1371 4829 1402 4877 et
1435 4815 1488 4876 be·

223 4927 380 5010 nignitate
404 4942 510 4988 nostra
536 4947 575 4986 ne
600 4927 776 4988 abutamini
801 4925 857 4985 sed
881 4925 969 4984 omni
995 4943 1103 5005 opera,
1127 4923 1234 4985 studio
1258 4937 1289 4984 et
1305 4921 1488 5005 provisione

225 5033 447 5096 defensionem
473 5033 616 5094 eiusdem
641 5031 776 5094 civitatis
812 5050 885 5092 cure
920 5029 1037 5091 habere
1071 5029 1222 5092 debeatis.
1256 5029 1353 5091 Secus
1385 5027 1487 5090 facere
