3900 5804
719 541 840 600 Statuta
862 542 1155 601 Praebendariorum.
1498 558 1559 622 299

301 648 777 656 ——-.—-——
792 649 873 654 -—--

299 768 397 850 ipsius
420 769 635 851 zagrabiensis
659 781 765 831 nostre
790 769 922 832 ecclesie
946 769 1066 830 mutuis
1091 768 1272 850 colloquiis,
1290 785 1467 850 eorumque
1484 787 1559 830 con-

299 893 393 936 sensu
417 873 498 937 circa
522 874 583 936 hoc
607 874 787 954 accedente,
812 875 944 937 totalem
976 875 1164 957 porcionem
1195 885 1335 936 nostram
1369 873 1559 936 decimalem

299 979 340 1041 de
362 979 505 1060 decimis,
530 1000 593 1063 que
617 981 650 1042 in
674 982 818 1044 districtu
842 982 881 1044 de
907 981 1058 1044 Marocha
1081 1001 1119 1044 ex
1143 981 1202 1044 ista
1219 993 1307 1064 parte
1331 981 1421 1043 fluvii
1439 981 1560 1063 Zelyna

299 1086 414 1166 vocati,
438 1086 536 1149 dicari
560 1102 804 1168 consveverunt,
821 1107 958 1170 quarum
982 1100 1067 1150 recta
1083 1087 1238 1150 medietas
1255 1087 1287 1148 in
1304 1087 1380 1148 vino
1397 1086 1561 1148 dumtaxat

300 1204 331 1253 et
352 1193 497 1274 pecuniis
519 1213 578 1277 pro
610 1194 742 1256 decimis
773 1195 839 1256 vini
873 1195 957 1277 exigi
985 1193 1143 1256 consvetis
1174 1194 1215 1256 ad
1246 1205 1387 1255 nostram
1417 1211 1560 1255 mensam

300 1298 528 1381 episcopalem,
563 1301 691 1362 residua
726 1320 803 1363 vero
847 1313 930 1363 recta
970 1313 1001 1362 et
1035 1300 1159 1382 equalis
1197 1299 1353 1362 medietas
1387 1298 1561 1361 earundem

302 1403 397 1466 simul
422 1425 495 1468 cum
521 1405 654 1469 decimis
685 1406 814 1489 frugum
848 1408 934 1488 wlgo
969 1426 1079 1490 zyrow
1110 1427 1195 1490 pynz
1230 1405 1332 1485 dictis,
1367 1405 1562 1487 integraliter

300 1510 392 1573 dictis
415 1511 564 1576 fratribus
588 1516 703 1577 nostris
727 1515 766 1576 de
791 1515 932 1598 capitulo
952 1514 1151 1597 zagrabiensi
1183 1533 1219 1576 ac
1243 1515 1365 1576 cantori
1397 1512 1480 1574 dicte
1512 1531 1561 1573 ec·

301 1617 394 1680 clesie
418 1633 525 1682 nostre
549 1621 724 1683 dinoscitur
746 1621 916 1704 pertinere,
941 1621 1034 1682 nobis
1065 1621 1268 1703 proveniens,
1304 1632 1433 1702 excepta
1464 1617 1561 1680 tercia

300 1737 388 1807 parte
411 1725 556 1789 eiusdem
580 1728 741 1810 porcionis
766 1741 871 1790 nostre
895 1728 1093 1789 decimarum
1125 1728 1277 1810 ipsarum,
1308 1745 1405 1809 quarn
1438 1725 1561 1786 dudum

301 1830 526 1913 deputavimus
549 1834 688 1916 plebano
713 1834 846 1897 ecclesie
870 1834 969 1896 sancti
995 1833 1150 1896 Johannis
1166 1833 1301 1916 baptiste
1320 1833 1359 1894 de
1376 1831 1461 1894 Villa
1478 1849 1561 1892 nova

302 1937 460 2000 dictorum
485 1938 618 2002 fratrum
651 1955 834 2003 nostrorum
861 1941 901 2002 de
934 1941 1086 2022 capitulo,
1118 1940 1246 2002 racione
1280 1940 1459 2016 missarum,
1483 1956 1562 2019 quas

301 2044 385 2106 iuxta
411 2063 534 2108 morem
559 2047 657 2128 ipsius
681 2061 786 2109 nostre
809 2047 942 2109 ecclesie
967 2047 1053 2108 idern
1076 2046 1233 2128 plebanus
1261 2064 1318 2128 pro
1341 2059 1486 2126 ternpore
1510 2063 1562 2104 ex·

302 2149 409 2229 istens,
433 2171 490 2234 pro
515 2153 583 2213 vice
607 2167 713 2215 nostra
737 2153 854 2216 servari
877 2167 1003 2216 tenetur
1028 2153 1183 2234 quociens
1206 2153 1343 2214 occurrit
1366 2149 1561 2212 ebdomada·

301 2255 370 2334 rim,
383 2257 423 2317 ad
447 2277 542 2320 usum
566 2273 597 2321 et
613 2260 821 2321 commodum
843 2259 1129 2344 prebendariorum
1146 2259 1290 2322 eiusdem
1307 2258 1439 2320 ecclesie
1456 2269 1562 2318 nostre

303 2360 452 2424 duximus
476 2364 707 2446 deputandum,
734 2366 800 2427 imo
824 2365 1015 2448 deputamus
1039 2378 1070 2426 et
1085 2381 1241 2448 perpetuo
1258 2366 1326 2428 iure
1343 2363 1563 2439 conferrimus,

302 2467 424 2530 iuribus
448 2470 606 2532 dictorum
630 2471 763 2534 fratrum
787 2487 969 2534 nostrorum
993 2472 1033 2534 de
1057 2473 1198 2554 capitulo
1215 2484 1246 2533 et
1263 2471 1401 2533 cantoris
1418 2470 1561 2533 eiusdem

303 2587 410 2636 nostre
434 2575 565 2638 ecclesie
590 2577 622 2639 in
647 2578 739 2640 dictis
772 2577 905 2641 decimis
939 2579 1035 2640 salvis
1068 2579 1307 2642 remanentibus
1338 2597 1396 2661 pro
1431 2577 1563 2654 eisdem,

304 2680 346 2742 ita
370 2681 529 2762 videlicet,
554 2685 642 2766 quod
677 2685 810 2767 predicti
842 2686 1042 2768 prebendarii
1075 2699 1181 2748 nostre
1212 2685 1384 2747 ecclesiea
1415 2703 1500 2745 nunc
1531 2682 1564 2743 in

304 2800 395 2849 antea
419 2790 511 2850 annis
542 2791 686 2872 singulis,
720 2791 771 2852 die
803 2792 968 2854 dominico
1000 2805 1072 2874 post
1095 2791 1211 2854 festum
1243 2792 1393 2853 undecim
1425 2789 1563 2851 millium

303 2893 464 2974 virginum
487 2897 635 2978 proximo
660 2911 839 2976 occurente,
862 2897 940 2960 hora
971 2899 1161 2981 vespertina,
1185 2898 1224 2960 ad
1249 2899 1366 2959 dictam
1398 2895 1564 2958 ecclesiam

304 3001 497 3062 unanimiter
522 3003 759 3082 convenientes,
784 3017 814 3065 et
835 3005 969 3086 peractis
993 3005 1149 3087 primitus,
1181 3024 1270 3066 more
1302 3015 1465 3081 consveto,
1496 3021 1563 3062 ves-

304 3107 429 3187 pertino
453 3121 484 3168 et
507 3109 708 3190 completorii
732 3109 857 3189 officiis,
882 3110 1013 3172 dentum
1037 3111 1169 3193 pulsatis
1193 3110 1368 3172 maioribus
1392 3107 1564 3190 campanis,

304 3226 398 3293 prout
422 3214 503 3275 solet
534 3215 653 3296 pulsari
677 3235 736 3298 pro
772 3215 941 3297 defunctis,
964 3237 1111 3300 vesperas
1141 3217 1328 3279 sollenniter
1358 3227 1482 3278 cantare
1506 3232 1565 3294 pro
1619 3255 1621 3260 -

305 3319 449 3398 mortuis,
473 3333 503 3381 et
527 3321 658 3382 demum
675 3321 753 3384 feria
776 3324 916 3386 secunda
940 3344 1034 3386 mane
1058 3325 1215 3406 sequenti,
1232 3329 1304 3406 post
1327 3323 1456 3384 missam
1473 3322 1564 3382 beate

304 3425 446 3506 virginis,
470 3446 533 3507 que
557 3427 590 3488 in
614 3427 682 3510 ipsa
712 3430 845 3492 ecclesia
877 3443 983 3492 nostra
1015 3431 1096 3492 solet
1132 3431 1250 3492 cantari
1287 3430 1370 3491 circa
1405 3445 1564 3504 auroram,

305 3531 489 3594 immediate
514 3533 639 3614 vigilias
663 3549 864 3597 mortuorum
900 3555 972 3597 curn
996 3556 1114 3598 novem
1138 3535 1339 3614 lectionibus,
1356 3532 1565 3616 responsoriis

244 3655 247 3662 ’
305 3651 335 3698 et
359 3638 509 3700 laudibus
533 3653 564 3702 et
596 3640 667 3702 aliis
698 3642 899 3721 accessoriis;
933 3643 1065 3704 demum
1098 3662 1195 3704 unam
1226 3641 1355 3704 missam
1386 3641 1565 3702 sollennem

305 3763 363 3825 pro
388 3741 547 3806 defunctis
571 3765 644 3808 cum
674 3761 768 3809 cantu
792 3748 898 3810 dicere
922 3761 953 3810 et
985 3748 1147 3830 perficere,
1173 3761 1203 3810 et
1228 3747 1364 3829 quilibet
1387 3744 1564 3808 eorundem

305 3850 592 3932 prebendariorum
638 3872 735 3914 unam
769 3855 898 3915 missam
937 3854 1094 3936 privatam
1132 3853 1279 3916 similiter
1313 3873 1371 3935 pro
1407 3850 1566 3912 defunctis

306 3957 411 4038 legere
434 3969 464 4018 et
488 3957 648 4020 celebrare
672 3979 730 4042 pro
755 3961 898 4021 remedio
923 3961 1033 4022 salutis
1056 3975 1174 4040 nostre,
1198 3960 1421 4040 dictorumque
1453 3957 1565 4040 prede-

305 4082 466 4124 cessorum
491 4077 521 4125 et
543 4085 761 4127 successorum
786 4079 966 4128 nostrorum
999 4066 1143 4128 eiusdem
1176 4065 1307 4128 ecclesie
1339 4065 1565 4147 episcoporum

306 4169 467 4251 perpetuis
494 4168 608 4234 futuris
639 4172 847 4253 temporibus,
883 4173 982 4235 semel
1020 4173 1052 4234 in
1088 4192 1173 4234 anno
1204 4186 1339 4251 tantum,
1375 4171 1514 4232 debeant
1536 4181 1566 4230 et

306 4291 492 4354 teneantur3
515 4279 702 4359 porcionem
735 4299 811 4341 vero
844 4279 919 4340 dicti
953 4279 1083 4363 plebani
1114 4279 1212 4341 sancti
1242 4277 1396 4340 lobannis
1420 4277 1565 4359 baptiste,

305 4382 436 4444 terciam
472 4397 594 4466 partem
630 4384 790 4464 videlicet,
835 4385 874 4446 de
910 4405 970 4467 qua
1005 4385 1150 4468 superius
1183 4384 1316 4446 lecimus
1351 4383 1565 4460 mencionem,

306 4489 439 4572 predicti
464 4489 667 4572 prebendarii
691 4506 836 4573 tempore
865 4492 1039 4553 dicacionis
1069 4491 1210 4573 ipsarum
1235 4489 1432 4552 decimarum
1460 4489 1565 4550 eidem

307 4596 416 4658 inditis
452 4596 526 4658 dare
562 4597 700 4658 debeant
735 4611 766 4658 et
801 4597 972 4660 ministrari
1007 4597 1210 4678 obligentur3
1246 4597 1415 4679 pecuniam
1451 4595 1565 4658 exinde

306 4703 548 4786 provenientem
572 4723 629 4785 per
652 4704 757 4786 ipsum
780 4704 955 4786 plebanum
979 4704 1179 4786 exigendam.
1203 4704 1237 4766 ln
1262 4704 1352 4766 cuius
1375 4703 1420 4764 rei
1443 4721 1565 4763 merno-

307 4810 397 4888 riam,
421 4807 669 4891 firmitatemque
692 4823 880 4892 perpetuam
916 4823 1078 4892 presentes
1102 4810 1222 4871 litteras
1256 4808 1324 4872 fieri
1357 4809 1505 4870 iussimus
1536 4820 1567 4868 et

307 4917 503 4998 appensione
534 4915 714 4996 sigillorum
745 4929 928 4978 nostrorum
961 4915 1164 4978 communiri.
1196 4916 1313 4978 Datum
1347 4914 1500 4995 Zagrabie
1534 4913 1564 4975 in
