3732 5802
609 507 682 569 Doc.
708 521 778 567 120.
804 541 847 550 —
870 507 927 570 An.
956 519 1041 582 1515.
1403 526 1459 584 145

189 747 347 816 perpetuo
381 733 593 816 possidendas
616 733 778 810 voluisset,
803 745 877 794 tunc
902 733 1019 794 nobilis
1044 732 1290 796 Bartholomeus
1313 733 1460 816 Wagych

187 840 227 900 de
253 840 361 902 Mlaka
385 840 418 901 in
442 860 497 901 sua
522 859 558 902 ac
583 839 742 901 nobilium
768 838 909 918 Thorne,
934 839 1099 918 iohannis,
1124 839 1276 918 Simonis,
1295 839 1461 901 Michaelis

184 958 216 1007 et
240 944 361 1008 Mathie
386 944 526 1027 Modych
550 945 709 1008 dictorum
745 944 923 1008 decadem
949 945 1055 1008 Mlalra
1087 945 1243 1027 personis,
1270 939 1457 1008 huiusmodi

185 1051 357 1113 statucioni
382 1051 651 1114 contradiccionis
674 1051 834 1112 velamine
858 1051 1035 1128 obviasset;
1056 1052 1098 1112 ob
1123 1051 1357 1133 quamquidem
1383 1071 1459 1113 con·

182 1157 401 1219 tradictoriam
444 1156 676 1220 inhibicionem
709 1155 849 1238 prefatus
890 1156 988 1220 homo
1023 1157 1208 1220 Serenitatis
1241 1158 1351 1220 Vestre
1388 1158 1458 1240 ipso

189 1277 299 1325 nostro
331 1264 517 1326 testimonio
540 1277 685 1346 presente
711 1264 832 1325 ibidem
856 1277 887 1325 et
910 1264 1026 1325 eodem
1057 1263 1109 1326 die
1141 1262 1299 1346 prefatum
1326 1263 1459 1326 Bartho-

188 1368 333 1430 lomeum
358 1368 507 1452 Wagych
531 1369 741 1451 personaliter
765 1389 821 1452 per
845 1369 1051 1450 eundemque
1071 1370 1312 1452 prenominatos
1335 1370 1460 1434 nobiles

188 1475 363 1554 Thomam,
389 1475 581 1554 iohannem,
618 1476 796 1554 Simonem,
833 1475 1023 1538 Michaelem
1060 1487 1091 1537 et
1127 1475 1281 1538 Mathiam
1318 1476 1459 1559 Modych

187 1581 290 1644 dictos
315 1596 425 1644 contra
447 1594 635 1644 annotatum
661 1581 848 1664 magistrum
874 1579 1052 1662 Georgium
1077 1582 1117 1643 ad
1140 1595 1268 1643 octavas
1292 1581 1360 1644 festi
1385 1583 1459 1664 Epi-

186 1686 378 1768 phaniarum
411 1688 534 1750 domini
571 1708 656 1749 nunc
690 1700 849 1768 venturas,
874 1687 979 1750 eidem
1009 1687 1194 1750 Serenitatis
1218 1689 1326 1750 Vestre
1351 1709 1459 1772 perso·

187 1793 293 1854 nalem
327 1807 490 1855 evocasset
514 1793 546 1854 in
570 1794 768 1877 presenciam
794 1794 956 1856 racionem
981 1793 1247 1856 contradiccionis
1281 1794 1459 1857 eorundem

187 1900 379 1961 reddituros.
412 1899 530 1961 Datum
561 1899 724 1962 sedecimo
756 1899 807 1960 die
840 1899 902 1960 diei
937 1901 1139 1962 execucionis
1163 1913 1338 1982 prenotate.
1363 1904 1459 1962 Anno

187 2006 313 2067 domini
338 2006 512 2068 millesimo
537 2006 800 2088 quingentesimo
825 2005 952 2068 decimo
976 2007 1100 2086 quinto.

294 2127 431 2194 originale
457 2129 483 2179 in
510 2127 609 2183 charta.
636 2128 662 2180 la
688 2129 785 2180 archiv.
811 2143 861 2180 ven
897 2128 983 2193 Capit.
1010 2130 1116 2194 zagrab.
1137 2132 1195 2181 Act.
1216 2129 1302 2192 Capit.
1323 2134 1374 2182 ant.
1395 2129 1458 2182 lasc.

188 2218 228 2270 79.
249 2232 288 2270 nr.
308 2217 349 2269 15.
1341 2222 1346 2234 ·

781 2448 865 2514 120.

294 2587 370 2639 Anno
393 2588 467 2654 1515,
487 2589 528 2639 24.
548 2588 706 2643 decembris.
726 2588 824 2642 Budae.

187 2716 294 2789 legati
312 2715 439 2790 capitali
459 2716 581 2794 aagrab.
598 2734 694 2773 caram
719 2714 869 2776 Vladislac
890 2735 957 2789 rege
979 2734 1041 2774 cum
1064 2716 1137 2774 Elia
1160 2717 1193 2775 de
1208 2717 1299 2793 Bada,
1318 2715 1456 2777 canonico

186 2823 377 2898 aagrabiensi,
393 2829 595 2880 conservatore
609 2823 801 2880 cancellariae
816 2823 922 2898 regare,
935 2823 1132 2896 paciscuntur,
1147 2824 1285 2898 qrroaccdo
1299 2825 1456 2898 capitulum

582 2929 611 2986 ei
627 2929 749 3002 posthac
765 2936 927 3004 proventus
949 2930 1080 3023 tribuat..

292 3068 361 3129 Nos
384 3067 584 3130 Wladialaus
608 3067 660 3128 dei
684 3067 791 3148 gracia
815 3087 867 3130 rex
896 3068 1061 3150 Hungarie
1086 3081 1116 3130 et
1138 3067 1291 3130 Bohemie
1313 3082 1372 3132 etc.
1390 3069 1457 3130 Me-

123 3157 126 3164 ¹
187 3175 288 3236 morie
313 3174 579 3236 commendamus
600 3188 711 3237 tenore
732 3174 933 3257 presencium
955 3173 1171 3255 significantes
1195 3175 1312 3256 quibus
1329 3175 1458 3257 expedit

187 3281 354 3358 universis,
378 3281 466 3362 quod
491 3279 601 3342 fideles
625 3280 724 3342 nostri
750 3280 960 3360 venerabiles,
989 3280 1139 3361 magister
1164 3281 1251 3342 Elias
1275 3281 1315 3344 de
1340 3281 1456 3342 chha

187 3401 392 3448 conservator
416 3387 603 3448 cancellarie
628 3399 735 3449 nostre
760 3389 799 3449 ab
824 3407 898 3466 una,
922 3407 958 3448 ac
982 3386 1144 3468 magistri:
1169 3387 1281 3450 Petrus
1304 3387 1404 3450 lector
1427 3399 1458 3448 et

188 3493 352 3555 lohannes
384 3492 629 3556 archidiaconus
653 3493 875 3572 camarcensis,
900 3493 1044 3556 canonici
1075 3493 1206 3554 ecclesie
1242 3493 1458 3575 zagrabiensis

187 3601 226 3661 ab
252 3600 315 3661 alia
349 3600 503 3683 partibus,
527 3612 633 3661 nostre
666 3599 840 3662 Maiestatis
871 3599 1036 3661 venientes
1068 3599 1100 3661 in
1128 3599 1337 3680 presenciam,
1362 3598 1456 3660 nobis

188 3724 348 3787 exponere
373 3717 523 3766 curarunt
547 3705 578 3766 in
605 3703 690 3766 hunc
714 3704 866 3766 modum:
893 3705 981 3785 quod
1007 3724 1079 3766 cum
1102 3704 1160 3786 ipsi
1178 3704 1329 3786 magister
1346 3705 1457 3766 Petrus

188 3825 218 3872 et
243 3810 406 3872 lohannes
430 3811 491 3873 hiis
515 3811 629 3873 diebus
653 3831 711 3893 pro
735 3823 845 3874 nostro
870 3810 1023 3872 mandato
1044 3810 1083 3872 ad
1107 3810 1294 3872 instanciam
1312 3810 1456 3872 eiusdem

188 3917 330 3998 magistri
356 3917 425 3978 Elie
458 3917 490 3978 in
516 3937 651 3999 persona
683 3917 786 3979 tocius
809 3917 940 3999 capituli
972 3917 1056 3979 dicte
1080 3917 1211 3979 ecclesie
1243 3916 1457 3997 zagrabicnsis

187 4043 259 4085 cum
293 4023 389 4106 plena
421 4023 608 4086 auctoritate
640 4037 670 4085 et
702 4023 933 4086 informacione
966 4044 1001 4086 ac
1030 4023 1128 4085 literis
1152 4023 1295 4085 eiusdem
1321 4022 1452 4104 capituli

187 4129 415 4211 procuratoriis
449 4127 691 4210 sufficientibus,
716 4130 756 4191 ad
789 4150 848 4191 nos
880 4149 935 4212 per
968 4130 1089 4191 dictum
1112 4129 1288 4211 capitulum
1313 4141 1457 4211 pretextu

187 4235 350 4298 reddende
376 4236 513 4298 racionis
536 4249 751 4318 proventuum
777 4236 875 4318 ipsius
899 4237 1041 4317 magistri
1067 4236 1148 4315 Elie,
1173 4235 1291 4316 quibus
1314 4255 1346 4296 se
1371 4235 1456 4296 idern

187 4343 227 4403 ab
251 4341 367 4403 eodem
399 4341 540 4424 capitulo
563 4319 680 4424 privari
712 4341 850 4421 dicebar,
874 4343 961 4403 missi
994 4340 1145 4418 fuissent3
1178 4355 1253 4402 tunc
1289 4341 1364 4403 licet
1398 4360 1457 4402 nos

187 4467 315 4509 causam
340 4459 371 4509 et
394 4448 566 4527 negocium
590 4448 650 4509 hoc
674 4468 731 4530 per
751 4461 854 4510 certos
870 4447 1032 4527 dominos,
1049 4461 1124 4529 puta
1152 4446 1454 4508 reverendissimum

187 4554 357 4615 dominum
383 4554 567 4616 Ladislaum
601 4555 738 4616 electum
763 4567 794 4616 et
818 4553 1041 4616 confirmatum
1074 4553 1207 4615 ecclesie
1231 4551 1397 4614 waciensis
1421 4571 1456 4612 ac

188 4660 387 4722 venerabiles
411 4659 574 4742 Philipum
599 4661 690 4722 More
722 4660 920 4743 prepositum
949 4660 1127 4741 agriensem
1159 4671 1190 4720 et
1214 4657 1392 4738 Georgium
1416 4657 1456 4718 de

188 4765 323 4828 Mekche
354 4766 432 4828 alias
464 4767 663 4850 prepositum
699 4767 946 4849 scepusiensem,
975 4765 1160 4828 secretarios
1192 4777 1223 4826 et
1257 4762 1456 4826 consiliarios

188 4887 324 4952 nostros,
349 4873 431 4935 inter
455 4873 560 4954 ipsum
584 4873 771 4954 magistrum
799 4873 905 4934 Eliam
930 4885 961 4934 et
985 4871 1116 4934 eosdem
1141 4870 1342 4952 capitulares,
1356 4869 1406 4930 hic
1423 4869 1455 4930 in

187 4979 273 5040 curia
297 4993 405 5041 nostra
429 4978 635 5041 revidendum
661 4977 728 5040 fore
753 4979 1030 5057 demandavimus,
1066 4990 1172 5040 tamen
1197 4975 1309 5059 prefati
1334 4974 1455 5056 judices

1310 5103 1346 5143 10
