3808 5792
858 1419 887 1485 1.

341 1614 544 1693 Ann015o8.
568 1617 621 1678 26.
646 1619 724 1680 maii.
751 1619 927 1692 Zagrabiae.

244 1749 335 1829 1508.
359 1748 509 1810 Secundo
540 1748 592 1812 die
616 1747 686 1810 festi
719 1751 750 1811 b.
783 1749 903 1811 Vrbani
937 1768 1030 1832 pape,
1055 1749 1249 1810 reverendus
1274 1747 1426 1810 dominus
1449 1748 1504 1810 Al·

283 1855 402 1934 bertus,
437 1855 617 1936 prepositus
649 1855 762 1933 maior,
795 1868 945 1917 executor
982 1853 1120 1916 condam
1152 1854 1344 1915 venerabilis
1379 1854 1502 1916 domini

283 1959 447 2040 Johannis,
471 1961 646 2042 goricensis
676 1961 905 2041 archidiaconi,
937 1981 1010 2023 cum
1042 1961 1113 2022 aliis
1141 1959 1405 2022 coexecutoribus
1437 1959 1504 2020 suis

283 2068 475 2148 presentavit
497 2067 626 2148 triginta
643 2087 697 2130 sex
714 2067 782 2130 flor.
800 2067 941 2129 dominis
956 2068 985 2128 in
1001 2067 1150 2129 sacristia.
1171 2067 1217 2127 Ex
1231 2067 1348 2147 quibus
1365 2079 1504 2147 quatuor

282 2187 355 2234 sunt
378 2173 447 2235 flor.
472 2173 581 2234 altaris
604 2176 634 2236 b.
660 2173 814 2235 Bernardi
839 2174 871 2235 in
904 2173 1037 2234 ecclesia
1073 2173 1103 2234 b.
1137 2172 1274 2234 Emerici
1307 2171 1398 2233 ducis
1429 2191 1504 2232 con·

282 2279 400 2357 structi,
426 2292 456 2340 et
479 2279 609 2360 triginta
633 2279 699 2340 duo
724 2278 792 2341 flor.
810 2292 882 2341 sunt
897 2279 1004 2340 altaris
1028 2280 1058 2340 b.
1077 2278 1169 2339 Pauli
1187 2278 1219 2339 in
1236 2277 1368 2340 ecclesia
1388 2277 1502 2338 maiori

283 2381 424 2460 lundati;
449 2403 512 2466 que
536 2384 672 2466 pecunia
697 2383 756 2446 luit
788 2384 873 2467 apud
907 2385 1047 2446 eundern
1080 2383 1217 2445 condam
1249 2383 1419 2446 dominum
1451 2383 1503 2444 Jo-

282 2487 420 2550 hannem
444 2490 656 2570 goricensem,
684 2505 839 2572 tanquam
864 2489 1008 2552 eiusdem
1043 2489 1151 2552 altaris
1184 2490 1434 2570 gubernatorem
1471 2487 1501 2549 in

283 2613 316 2655 re
340 2609 433 2656 osrtO.

318 2615 458 2750 pRubrum
477 2700 632 2765 capitulare,
652 2701 677 2752 iu
697 2700 794 2754 archiv.
815 2700 873 2752 incl.
894 2701 990 2751 Accad.
1009 2699 1103 2750 scient.
1125 2695 1232 2750 Slavor.
1252 2698 1344 2752 merld.

340 2895 428 2956 Anno
451 2908 539 2972 1512.
564 2904 699 2972 et1513.
725 2895 900 2969 Zagrabiae.

237 3017 310 3079 Hoc
336 3017 462 3080 missale
498 3017 689 3080 venerabilis
724 3017 876 3079 dominus
911 3017 1056 3078 Andreas
1092 3017 1280 3095 Plancium,
1314 3017 1434 3078 arcium
1472 3030 1503 3078 et

281 3123 482 3185 decretorum
501 3124 622 3200 doctor,
641 3123 831 3184 cathedralis
848 3122 1115 3205 (archidiaconus)
1132 3136 1163 3184 et
1180 3122 1353 3184 canonicus
1369 3121 1501 3184 ecclesie

280 3230 505 3310 zagrabiensis,
530 3230 662 3291 donavit
690 3229 860 3291 calendino
892 3229 1098 3290 dominorum
1132 3227 1421 3290 Prebendariorum
1453 3247 1503 3289 ec=

281 3335 376 3398 clesie
400 3335 543 3398 eiusdem
569 3356 626 3418 pro
661 3335 827 3417 refrigerio
859 3335 965 3398 anime
1001 3335 1138 3396 condam
1174 3334 1298 3396 domini
1335 3333 1501 3412 lobannis,

280 3440 497 3504 archidiaconi
521 3443 746 3520 kamarcensis,
771 3442 847 3503 item
873 3440 977 3502 fratris
1000 3441 1059 3502 sui.
1089 3461 1168 3522 ¹5¹2

235 3545 372 3610 (Additum
391 3546 443 3596 ²¹5³
462 3547 564 3608 matut)
587 3547 653 3620 Qui
677 3547 758 3608 obiit
781 3561 895 3609 octavo
927 3545 978 3607 die
1011 3547 1129 3608 mensis
1161 3545 1297 3628 Augusti
1331 3565 1417 3606 anno
1442 3544 1500 3605 do·

280 3634 359 3695 mini
384 3633 655 3697 MCCCCCXlll.

236 3739 324 3802 ldem
349 3759 385 3800 ex
410 3759 495 3801 novo
520 3741 618 3802 erexit
642 3760 739 3802 unam
764 3740 898 3802 domurn
922 3760 1020 3822 penes
1042 3740 1128 3802 viam
1152 3739 1326 3822 publicam,
1351 3757 1414 3820 qua
1439 3738 1503 3800 itur

279 3845 319 3908 ad
343 3845 568 3908 molendinum
594 3846 801 3910 dominorum
826 3846 865 3907 de
890 3845 1031 3928 capitulo
1062 3865 1160 3928 penes
1185 3859 1216 3907 et
1251 3843 1332 3906 infra
1365 3843 1499 3906 domurn

279 3971 332 4012 are
357 3972 381 4013 s.
407 3951 534 4013 Ursule.

236 4057 324 4119 ldem
348 4057 467 4140 legavit
491 4057 531 4118 ad
555 4057 763 4120 kalendinum
790 4059 819 4120 b.
845 4059 977 4139 virginis
1001 4059 1141 4120 dominis
1165 4055 1389 4118 Prehendariis
1413 4057 1502 4119 chori

279 4163 411 4224 ecclesie
436 4162 651 4243 zagrabiensis
674 4175 778 4224 totum
803 4182 918 4245 corpus
942 4163 1041 4225 biblie
1066 4163 1098 4224 in
1117 4175 1255 4244 quatuor
1280 4162 1503 4224 voluminibus

278 4267 412 4348 magnis,
438 4267 520 4328 inter
542 4280 644 4329 turres
667 4267 809 4329 cathenis
833 4267 945 4346 affixis,
959 4288 1016 4350 pro
1034 4267 1208 4330 commodo
1230 4266 1421 4329 devotorum
1439 4267 1501 4328 cle-

279 4373 430 4436 ricorum.
453 4407 496 4418 -
521 4374 713 4455 Requiescat
748 4375 780 4434 in
817 4387 923 4436 sancta
957 4393 1044 4456 pace.
1070 4409 1112 4418 -
1136 4373 1301 4454 Tempore
1328 4371 1502 4434 decanatus

279 4477 428 4559 Gregorii
453 4479 667 4558 Bosakovecz,
691 4479 895 4561 prebendarii
929 4481 1061 4542 ecclesie
1094 4478 1319 4560 zagrabiensis.
1351 4482 1447 4539 Anno
1472 4491 1503 4539 et

281 4583 333 4644 die
358 4603 424 4666 quo
448 4604 554 4666 supra.

234 4688 324 4766 ltem,
349 4689 434 4751 idem
459 4689 578 4772 legavit
601 4703 632 4752 et
655 4690 745 4752 dedit
767 4711 824 4772 per
847 4710 922 4752 suos
946 4703 1131 4752 executores
1164 4689 1351 4771 magistrum
1378 4688 1501 4770 Grego-

281 4795 364 4856 rium
388 4795 428 4856 de
453 4795 574 4857 Waslca
598 4815 633 4857 ac
666 4795 845 4858 Johannem
881 4799 1131 4874 kamarcensem,
1167 4795 1410 4857 archidiaconos
1442 4815 1501 4858 nec

278 4919 344 4962 non
367 4901 539 4962 canonicos
571 4901 703 4963 ecclesie
738 4902 962 4982 zagrabiensis,
995 4902 1168 4963 armarium
1201 4899 1320 4962 factum
1352 4920 1389 4962 ex
1421 4919 1503 4962 asse·

277 5005 366 5067 ribus
390 5006 430 5068 de
453 5007 531 5089 pino
556 5007 692 5090 desuper
721 5007 858 5090 depicto,
891 5007 924 5068 in
956 5027 1022 5089 quo
1054 5020 1282 5070 conservantur
1313 4999 1502 5068 ornamenta

1164 5105 1171 5124 ⁸
1380 5109 1392 5134 a
