3752 5806
382 557 480 618 CVlll
914 563 1105 632 Argumenta.

381 855 412 906 45
453 844 528 891 Anno
551 855 627 910 1505,
648 856 689 896 20.
718 845 839 896 octobris.
859 844 1007 908 Zagrnbiae.
1033 845 1125 893 Coram
1149 844 1300 906 magistratu
1313 842 1425 891 civitatis
1443 842 1538 891 montis

447 932 585 982 Grecensis
611 935 727 998 Joannes
756 933 837 983 Sineh
864 941 891 982 et
918 933 1021 982 Helena
1048 918 1163 997 stritjak
1185 939 1243 997 post
1271 938 1380 981 mortem
1398 929 1537 980 Michaelis

447 1019 533 1070 Malec
561 1021 625 1071 duas
655 1022 796 1088 particulas
823 1021 938 1072 vineales
964 1027 1075 1085 quatuor
1101 1027 1127 1070 et
1151 1021 1261 1071 dimidio
1279 1021 1333 1071 tior.
1353 1022 1431 1070 Petro
1457 1019 1536 1070 nicht

446 1110 560 1159 vendunt
593 1134 1529 1151 ·····················································

412 1255 417 1267 .
447 1216 528 1265 Anno
550 1229 624 1282 1505.
643 1229 682 1269 12.
696 1218 849 1268 novembris.
860 1217 958 1269 Budae.
972 1216 1130 1280 vladislaus,
1143 1216 1293 1280 Hungariue
1305 1221 1354 1268 etc.
1372 1231 1425 1275 rex,
1444 1215 1534 1264 Ferdi-

445 1305 530 1353 nando
541 1305 572 1353 de
583 1306 796 1371 Frangepanibns
816 1307 903 1355 comiti
913 1313 939 1355 et
950 1306 1069 1364 Beatrici‚
1089 1321 1155 1368 qnae
1165 1311 1246 1354 morte
1262 1305 1372 1369 Joannis
1383 1301 1488 1353 Corvini
1494 1311 1533 1352 est

445 1393 558 1452 viduata,
577 1396 689 1456 mandat,
709 1402 737 1444 ut
756 1401 845 1460 erepta
863 1410 910 1460 pro
938 1395 1052 1460 portorio
1071 1393 1155 1460 spolia
1182 1392 1367 1443 mercatoribus
1386 1392 1533 1456 zagrabien·

446 1482 518 1531 sibus
538 1483 655 1542 reddant,
675 1499 739 1532 neve
757 1500 772 1532 1
790 1484 891 1534 civibus
910 1483 1034 1533 tributum
1048 1499 1095 1548 pro
1113 1499 1198 1533 merce
1215 1483 1320 1547 exigant
1344 1506 1529 1522 ···········

393 1581 415 1631 7.
447 1571 528 1621 Anno
551 1585 625 1638 1505,
645 1585 687 1625 22.
707 1574 862 1623 novembris.
884 1559 999 1624 emmae.
1019 1574 1102 1622 Lucas
1121 1574 1200 1639 episc.
1220 1573 1320 1636 zagrab.
1341 1572 1483 1622 Antonium
1501 1573 1533 1620 de

448 1661 613 1726 Medjuredje‚
627 1663 779 1711 canonicum
791 1663 892 1726 zagrab.
912 1663 945 1711 ad
957 1670 1096 1728 proventus
1109 1662 1269 1712 canonicales
1282 1662 1314 1710 de
1332 1663 1433 1726 integro
1452 1662 1533 1726 perci·

447 1748 555 1811 piendos
574 1751 673 1800 reducit
700 1777 1027 1790 ···················
1040 1790 1045 1801 .
1058 1775 1527 1790 ···························

413 1895 417 1905 .
448 1855 529 1903 Anno
551 1869 615 1922 1505
644 1859 676 1906 11
696 1859 872 1909 Kristatovec.
903 1859 1050 1924 Stephanus
1069 1859 1193 1908 Brodaric
1212 1875 1227 1908 1
1246 1861 1317 1909 Luca
1334 1860 1414 1925 episc.
1433 1859 1534 1923 zagrab.

445 1959 555 2007 pressus,
574 1946 698 1996 auxilium
716 1947 749 1996 ab
777 1947 890 1997 Alberto
919 1949 951 1996 de
970 1949 1055 2007 Kasu,
1084 1949 1232 2014 praeposito
1258 1949 1355 1998 maiore
1373 1947 1532 2012 aagrabiensi

443 2041 532 2081 exorat
556 2057 1528 2076 ·······················································

410 2159 415 2170 .
444 2121 521 2171 Anno
542 2123 616 2188 1506,
640 2137 659 2172 1.
680 2125 772 2175 martii.
794 2110 910 2174 Casmae.
930 2125 1022 2184 Lucas,
1052 2127 1130 2191 episc.
1155 2126 1248 2190 zagrab
1276 2126 1437 2190 Stephanum
1455 2140 1531 2173 cano-

444 2209 529 2258 nicum
547 2210 670 2261 lectorem
689 2219 854 2262 executorem
874 2215 1021 2263 testamenti
1049 2215 1167 2264 canonici
1193 2214 1267 2263 Pauli
1287 2213 1433 2277 Sisciensis‚
1452 2213 1531 2262 lecto-

443 2303 498 2346 ratu
518 2306 543 2348 et
562 2302 714 2351 canonicatu
733 2303 825 2367 privat,
845 2305 906 2367 quia
925 2303 1010 2368 legata
1029 2305 1079 2354 sibi
1102 2305 1211 2368 sumpsit
1235 2327 1526 2342 ·················

409 2425 415 2438 .
444 2387 521 2436 Anno
543 2389 617 2454 1506,
639 2402 680 2442 22.
699 2392 774 2440 marti
803 2393 834 2440 11
854 2392 996 2443 Rakonok.
1009 2393 1115 2442 Beatrix
1127 2393 1160 2442 de
1179 2392 1400 2457 Frangepanibns‚
1420 2391 1529 2448 ducissa,

443 2476 564 2525 fratribus
589 2479 793 2529 Remetensibus
822 2481 948 2540 concedit,
975 2489 1003 2530 ut
1027 2497 1203 2542 commoves,
1230 2479 1334 2544 aliaque
1363 2478 1484 2528 animalia
1502 2479 1529 2527 in

442 2566 509 2628 agris
530 2568 607 2616 castri
626 2569 739 2617 Medved
758 2578 895 2635 pascantur
913 2593 1524 2610 ··································

409 2709 414 2720 .
444 2673 520 2722 Anno
542 2674 616 2739 1506,
637 2687 678 2728 21.
694 2677 855 2742 septembris.
870 2677 966 2726 Budae.
981 2677 1140 2735 vladislaus,
1154 2677 1304 2741 Hungariae
1322 2683 1370 2726 010.
1389 2691 1442 2733 111,
1461 2691 1528 2724 0011-

443 2762 594 2811 munitatem
608 2763 720 2813 civitatis
733 2765 899 2830 reprehendit
912 2767 940 2814 in
952 2782 990 2823 10,
1008 2766 1077 2829 quod
1090 2767 1245 2816 monasterio
1258 2765 1411 2814 Remetensi
1424 2766 1532 2830 ejusque

440 2850 623 2912 jobagionibus
643 2855 784 2912 interdixit,
805 2870 837 2902 ne
855 2855 1005 2905 hominibus
1024 2863 1076 2906 tarn
1101 2857 1129 2905 in
1153 2855 1288 2905 Carinthiu
1311 2854 1528 2904 commorantibus

441 2955 518 3001 quam
536 2940 594 2990 aliis
613 2944 700 2992 vinnm
719 2944 859 2992 venderent
889 2971 1055 2984 ··········
1140 2973 1253 2985 ·······
1266 2985 1271 2994 .
1283 2968 1520 2983 ··············

406 3065 412 3078 .
440 3030 516 3078 Anno
538 3032 612 3096 1506,
635 3041 673 3093 19.
693 3032 847 3084 novembris.
867 3034 963 3082 Budae.
983 3034 1142 3092 vladislaus,
1156 3035 1307 3098 Hungariae
1318 3041 1368 3085 010.
1387 3050 1439 3090 rex.
1460 3047 1527 3081 com·

442 3120 561 3168 munitati
580 3120 692 3169 civitatis
720 3121 832 3182 mandat,
858 3130 886 3172 ut
912 3124 1110 3173 tricesimatores
1134 3125 1219 3188 regios
1239 3131 1327 3174 contra
1353 3125 1528 3176 insectatores.

441 3209 578 3272 praecipue
597 3217 686 3258 contra
705 3212 821 3259 Marcum
840 3211 936 3260 bunum
960 3212 1082 3261 defendat
1106 3237 1522 3251 ························

406 3333 411 3345 .
440 3295 517 3344 Anno
539 3297 614 3361 1506,
635 3310 675 3361 27.
704 3298 859 3350 novembris.
887 3301 1035 3364 Zagrabiae.
1063 3301 1185 3360 Andreas,
1215 3319 1234 3352 s.
1264 3301 1410 3365 theologiae
1429 3301 1526 3360 doctor,

440 3383 603 3448 vicariusque
621 3386 745 3436 ecclesiae
764 3389 945 3453 zagrabiensis,
958 3391 1084 3455 praecipit
1102 3391 1222 3440 omnibus
1242 3391 1361 3456 parochis
1378 3391 1525 3454 zagrabien·

442 3471 522 3530 sibus,
541 3481 569 3522 11
588 3475 657 3525 cives
681 3477 806 3539 quosdam
831 3478 858 3526 in
879 3478 1027 3543 Opatovina
1051 3480 1084 3528 ad
1109 3479 1195 3543 legate
1220 3480 1413 3545 praebendariis
1431 3496 1525 3546 erpen-

441 3560 525 3610 denda
542 3564 696 3614 admoneant
714 3591 1521 3609 ··············································

370 3680 412 3731 54.
441 3670 518 3718 Anno
540 3680 614 3735 1507,
633 3684 659 3735 7.
675 3672 750 3736 junii.
770 3675 867 3726 Budae.
893 3675 1053 3740 Vladislaus,
1078 3678 1230 3741 Hunguriae
1253 3685 1302 3726 etc.
1321 3693 1373 3740 rex,
1400 3678 1526 3742 praecipit

438 3756 520 3815 banis,
540 3765 568 3808 ut
587 3759 696 3818 nobiles,
716 3763 738 3811 si
756 3763 884 3812 acirihus
896 3765 1106 3828 zagrabiensibus
1125 3768 1267 3831 portorium
1279 3767 1321 3816 vel
1341 3766 1465 3817 telonium
1484 3782 1523 3818 re·

438 3847 604 3913 dempserint,
624 3851 651 3898 11
668 3851 710 3914 jus
727 3859 821 3901 vocent
840 3854 937 3902 octavis
957 3855 1046 3918 primis
1065 3856 1093 3904 in
1111 3871 1190 3918 regno
1209 3855 1346 3906 Slavoniae
1365 3856 1525 3906 celebrandis

369 3945 410 3998 55.
438 3936 519 3984 Anno
542 3949 615 4001 1507,
631 3951 654 4000 7.
674 3940 827 4003 septembris
855 3941 1002 4004 Zugrabiae.
1022 3944 1115 3993 Coram
1128 3943 1244 4009 capitulo
1262 3945 1363 4009 zagrab.
1384 3947 1524 4010 Gregorius

435 4025 515 4089 judex
534 4027 645 4076 civitatis
665 4031 759 4078 montis
779 4031 916 4080 Greceusis
935 4032 968 4080 de
986 4034 1194 4097 possessionibus
1212 4035 1350 4084 Petrovina
1368 4043 1394 4085 et
1412 4020 1523 4100 stljako-

437 4115 505 4172 vina,
520 4117 641 4181 Sophiae,
655 4118 778 4167 Andreae
792 4121 899 4184 Hening
907 4121 1008 4185 viduae,
1022 4122 1132 4181 donatis,
1145 4123 1355 4174 intercessionem
1365 4126 1427 4174 fucit
1436 4132 1524 4176 001111

436 4203 599 4254 Vladisluum
618 4223 704 4270 regem
728 4234 1145 4251 ························
1150 4223 1152 4228 ’
1157 4239 1519 4254 ·····················

368 4290 408 4354 56.
437 4291 518 4340 Anno
540 4305 614 4358 1507,
637 4295 675 4348 16.
688 4297 810 4349 octobris.
830 4299 1280 4362 2131111111.00111100111111111111
1299 4303 1411 4352 civitatis
1431 4304 1522 4366 Agnes

436 4380 593 4431 Keleminec
611 4384 696 4442 vidua,
716 4385 823 4450 ejusque
842 4386 919 4446 filiae,
939 4389 1059 4438 Emerico
1083 4390 1134 4439 civi
1162 4406 1237 4454 agros
1260 4407 1321 4440 suos
1342 4403 1374 4442 10
1392 4391 1447 4443 flor.
1467 4395 1522 4443 11111

434 4471 549 4520 vendunt
566 4499 1340 4520 ···········································
1355 4512 1357 4517 .
1370 4507 1518 4521 ·········

369 4588 409 4640 57.
440 4579 515 4626 Anno
537 4581 611 4644 1508,
634 4593 674 4633 12.
691 4582 809 4645 januarii.
835 4581 931 4636 Budae.
956 4585 1115 4644 Vladislaus,
1139 4588 1290 4651 Hungan'ne
1313 4595 1361 4638 etc.
1381 4605 1433 4647 rex,
1449 4590 1522 4654 jubet

435 4666 535 4715 civibus
554 4669 655 4731 zagrab.
675 4677 703 4718 ut
716 4671 781 4720 duos
799 4671 880 4722 banos
893 4689 975 4739 nuper
987 4676 1134 4724 nominatos
1147 4676 1260 4741 benigno
1279 4677 1366 4727 animo
1384 4679 1521 4743 excipiant,

435 4756 519 4819 iisque
537 4756 712 4820 obsequantur
745 4786 1517 4806 ············································

366 4846 406 4910 58.
435 4845 516 4894 Anno
539 4847 613 4911 1508,
637 4860 675 4907 19.
700 4848 819 4912 januarii.
845 4851 992 4915 Zagrabiae.
1022 4853 1114 4902 Coram
1139 4856 1321 4904 communitate
1346 4857 1459 4906 civitatis
1476 4858 1520 4922 Jo-

434 4932 532 4983 hannes
551 4935 622 5000 civis,
642 4937 687 4998 qui
700 4944 760 4986 ante
770 4939 849 5002 judex
866 4941 923 4999 11111,
937 4943 1038 4990 nuntiat
1049 4943 1190 5007 Georgium
1204 4945 1285 4993 civem
1305 4945 1421 4994 Fabiano
1442 4943 1519 4995 Milin

434 5023 483 5078 civi
503 5022 594 5072 silvam
613 5041 685 5074 suam
705 5039 719 5098 3
740 5026 793 5078 flor.
822 5029 970 5079 vendidisse
993 5055 1195 5076 ············
1210 5061 1212 5066 ·
1225 5059 1516 5076 ·················

1596 4769 1632 4819 60

1594 5037 1630 5090 60
