3808 5792
817 511 892 570 Doc.
918 523 987 586 159.
1013 545 1052 554 -
1081 516 1136 572 An.
1162 511 1249 587 7519.

997 738 1079 806 159.

510 861 584 913 Arno
606 859 681 914 1⁵19.
702 873 726 924 9.
746 861 915 926 septembris.
934 861 1032 914 Budas.

406 967 570 1030 audoveus
593 965 645 1047 ll,
668 969 770 1046 Hung.
795 979 845 1032 etc.
868 990 931 1047 rex,
956 971 1047 1032 Petro
1070 973 1239 1032 Bereilavie‘
1257 973 1332 1031 bano
1363 975 1481 1049 eiusque
1513 974 1676 1033 hemardus

601 1084 686 1147 vetat,
709 1096 744 1136 nc
765 1081 839 1136 cives
861 1085 1083 1153 mercatoresque
1104 1079 1304 1152 sagrabicnses
1319 1087 1468 1154 premant.

1060 1199 1220 1252 Commissio
1240 1200 1349 1265 propria
1368 1200 1467 1252 domini
1487 1201 1568 1266 regis.

513 1287 700 1351 Ludouicus
735 1288 787 1350 dei
809 1288 916 1370 gracia
939 1307 994 1350 rex
1026 1287 1193 1372 Hungarie
1224 1303 1256 1351 et
1289 1287 1444 1353 Bohemie
1477 1303 1536 1352 etc.
1569 1289 1673 1351 Fideli

406 1406 516 1456 nostro
540 1393 716 1458 reverendo
740 1393 772 1456 in
798 1393 927 1456 Christo
950 1393 1031 1477 patri
1061 1393 1196 1456 domino
1229 1395 1323 1458 Petro
1355 1397 1491 1480 Beryzlo
1521 1397 1673 1480 episcopo

407 1499 540 1562 ecclesie
564 1499 813 1584 wesprimiensis
840 1519 876 1561 ac
908 1518 1082 1580 regnorum
1114 1513 1296 1564 nostrorum
1332 1501 1507 1582 Dalmacie,
1540 1501 1674 1565 Croacie

409 1617 439 1666 et
464 1605 634 1668 Sclsuonie
659 1607 744 1670 bano
767 1607 904 1670 salutem
921 1620 952 1670 et
967 1607 1118 1688 graciam.
1136 1607 1284 1670 Graviter
1306 1607 1484 1670 admodum
1508 1607 1674 1691 conquesti

406 1723 480 1773 sunt
503 1711 660 1775 Maiestati
685 1725 791 1775 nostre
815 1712 926 1775 fideles
950 1714 1049 1776 nostri
1074 1713 1247 1796 prudentes
1270 1727 1301 1776 et
1325 1715 1544 1798 circumspecti
1578 1714 1673 1796 judex

407 1831 438 1880 et
461 1817 553 1898 jurati
579 1820 740 1901 ceterique
765 1819 849 1881 cives
873 1831 904 1882 et
929 1819 1159 1882 inhabitatores
1182 1821 1320 1882 civitatis
1344 1833 1449 1883 nostre
1481 1821 1672 1901 Montisgre·

407 1923 517 2003 censis,
542 1923 679 2007 qualiter
702 1925 762 2008 ipsi
787 1925 872 1988 cives
896 1926 994 1987 nostri
1032 1925 1129 1988 variis
1154 1925 1290 2007 injuriis,
1322 1925 1458 2002 damnis,
1492 1926 1671 2010 oppressio-

407 2027 503 2090 nibus
526 2043 557 2092 et
580 2029 866 2093 molestacionibus
903 2051 959 2114 per
983 2051 1040 2093 vos
1072 2044 1103 2093 et
1126 2031 1274 2093 homines
1306 2044 1426 2093 vestros
1457 2030 1538 2092 adeo
1569 2029 1672 2092 affice·

407 2149 526 2216 rentur,
551 2149 586 2199 ut
619 2157 685 2199 non
721 2138 877 2201 auderent
912 2137 972 2199 tuti
1007 2149 1039 2199 et
1069 2138 1171 2199 securi
1201 2137 1363 2199 civitatem
1396 2137 1498 2219 ipsam
1533 2149 1672 2198 nostram

408 2243 493 2308 exire
517 2255 548 2306 et
572 2263 676 2325 neque
701 2263 773 2306 cum
798 2245 893 2306 rebus
917 2256 948 2305 et
971 2244 1131 2305 mercibus
1154 2262 1278 2322 eorum,
1295 2243 1413 2324 quibus
1429 2243 1549 2304 victum
1566 2243 1672 2324 acqui·

407 2365 476 2414 rere
500 2351 615 2429 solent,
638 2349 744 2431 gracia
769 2364 900 2432 questus
923 2363 954 2412 et
978 2350 1056 2413 lucri
1081 2350 1121 2412 ad
1146 2348 1214 2412 fors
1239 2363 1271 2411 et
1294 2349 1455 2412 nundinas
1479 2363 1510 2411 et
1543 2349 1582 2410 ad
1608 2349 1670 2411 alia

407 2455 478 2519 loca
502 2456 678 2518 necessaris
703 2455 865 2538 progredi,
890 2469 921 2518 et
944 2456 1018 2518 licet
1042 2455 1242 2517 dedissemus
1274 2455 1315 2518 ad
1340 2475 1397 2518 vos
1420 2455 1591 2539 plerasque
1615 2475 1672 2538 pro

408 2563 484 2645 ipsis
508 2562 742 2645 exponentibus
765 2562 885 2624 litteras
909 2575 1032 2624 nostras
1055 2563 1282 2645 preceptorias,
1306 2581 1359 2624 eas
1375 2575 1482 2624 tamen
1499 2563 1573 2624 satis
1596 2562 1672 2624 levi·

407 2681 455 2731 ter
478 2665 688 2750 accepissetis,
712 2686 818 2749 neque
850 2669 951 2730 eciam
983 2668 1083 2730 modo
1115 2689 1133 2730 a
1165 2668 1284 2730 civium
1316 2681 1498 2731 nostrorum
1530 2681 1561 2730 et
1592 2667 1673 2730 dicte

407 2773 543 2837 civitatis
566 2785 673 2836 nostre
696 2773 869 2836 vexacione
893 2775 1066 2855 cessaretis,
1079 2774 1168 2857 quod
1185 2774 1343 2837 Maiestati
1366 2787 1472 2837 nostre
1489 2794 1554 2836 non
1572 2787 1674 2858 potest

407 2879 583 2962 plurimum
606 2897 672 2941 non
696 2878 864 2962 displicere
888 2891 919 2942 et
942 2899 981 2942 eo
1005 2881 1118 2962 magis,
1143 2879 1232 2963 quod
1266 2880 1359 2942 vestri
1384 2877 1482 2943 officii
1507 2896 1589 2942 esset
1619 2901 1674 2943 eos

408 2986 509 3048 eciam
533 2985 573 3047 ab
598 2983 669 3047 aliis
692 2985 950 3068 quibuscumque
975 2985 1214 3068 impetitoribus
1238 2984 1414 3048 defensare.
1446 2987 1487 3048 Et
1519 2987 1672 3068 quonism

408 3111 467 3154 nos
497 3091 589 3154 nullo
622 3092 720 3155 modo
757 3093 823 3174 pati
859 3112 1031 3175 possumus
1065 3112 1171 3174 neque
1205 3093 1366 3172 volumus,
1398 3105 1434 3154 ut
1464 3092 1575 3154 civitas
1607 3094 1672 3174 ipsa

408 3210 516 3260 nostra
539 3217 596 3281 per
619 3217 676 3259 vos
699 3209 730 3260 et
752 3197 901 3260 homines
924 3211 1046 3260 vestros
1072 3197 1133 3260 hoc
1152 3211 1245 3280 pacto
1267 3197 1439 3277 desoletur,
1456 3217 1561 3281 neque
1586 3197 1672 3280 quod

409 3301 468 3386 ipsi
493 3303 577 3366 cives
600 3303 700 3365 nostri
723 3316 790 3366 tam
812 3304 964 3385 gravibus
987 3317 1018 3366 et
1040 3303 1310 3366 intollerabilibus
1334 3304 1468 3384 injuriis,
1492 3304 1620 3366 damnis
1645 3315 1674 3364 et

409 3407 671 3493 oppressionibus
695 3407 884 3488 afficiantur,
897 3424 1065 3492 propterea
1088 3407 1254 3470 hortamur
1278 3421 1309 3470 et
1332 3411 1524 3490 requirimus
1540 3410 1673 3472 fidelita-

408 3529 474 3577 tem
498 3528 646 3594 vestram,
677 3513 849 3597 eidemque
885 3515 1115 3577 nichilominus
1150 3514 1265 3577 harum
1296 3515 1378 3578 serie
1409 3514 1540 3577 firmiter
1573 3517 1674 3578 eciam

409 3619 616 3704 precipiendo
640 3621 872 3682 committimus
896 3635 927 3683 et
950 3621 1152 3700 mandamus,
1187 3633 1345 3703 quatenus
1369 3620 1488 3683 amodo
1524 3621 1674 3704 deinceps

410 3747 428 3789 a
450 3725 568 3788 talibus
592 3725 727 3806 iniuriis,
751 3725 877 3789 damnis
901 3741 932 3788 et
955 3727 1219 3810 oppressionibus
1240 3725 1371 3810 prefatis
1402 3727 1525 3789 civibus
1558 3728 1673 3790 nostris

410 3831 584 3895 inferendis
607 3853 664 3895 vos
689 3853 752 3895 una
777 3853 849 3896 cum
875 3834 986 3895 vestris
1017 3833 1203 3896 hominibus
1235 3847 1266 3897 et
1296 3831 1508 3895 familiaribus
1539 3835 1673 3895 omnino

406 3939 564 4001 abstinere
588 3950 619 4000 et
642 3938 803 4018 desistere,
828 3939 928 4001 immo
953 3939 1085 4001 eosdem
1109 3940 1194 4001 cives
1218 3951 1353 4019 nostros,
1378 3951 1474 4022 prout
1505 3941 1600 4001 vestri
1625 3937 1671 4001 of-

409 4043 472 4106 ficii
496 4055 552 4116 est,
578 4043 679 4106 eciam
703 4046 743 4106 ab
767 4045 839 4106 aliis
862 4045 1121 4126 quibuscumque
1145 4045 1382 4127 impetitoribus
1405 4046 1487 4107 tueri
1512 4058 1543 4106 et
1567 4043 1674 4107 defen·

409 4171 478 4212 sare
504 4151 547 4212 ita
571 4163 602 4213 et
625 4151 730 4212 taliter
753 4152 907 4230 debeatis,
931 4165 966 4212 ut
991 4151 1089 4212 iidem
1115 4151 1199 4212 cives
1216 4151 1314 4212 nostri
1340 4169 1406 4212 non
1430 4163 1586 4232 cogantur
1610 4171 1674 4212 am·

408 4256 493 4338 plius
512 4275 570 4339 pro
584 4256 769 4318 huiusmodi
786 4257 922 4335 damnis,
940 4255 1065 4337 injuriis
1081 4270 1112 4317 et
1128 4256 1391 4338 oppressionibus
1408 4257 1552 4338 ipsorum
1569 4271 1673 4319 nostre

409 4363 563 4444 conqueri
588 4363 756 4425 Maiestati.
781 4362 864 4424 Nam
889 4363 1035 4443 alioquin
1059 4363 1143 4423 cives
1160 4363 1247 4444 ipsos
1263 4375 1389 4424 nostros
1405 4363 1559 4424 omnibus
1575 4381 1673 4424 reme·

409 4467 470 4528 diis
501 4468 689 4550 opportunis
724 4483 834 4530 contra
869 4469 934 4529 vim
967 4481 1105 4530 vestram
1139 4466 1312 4530 defendere
1347 4469 1541 4530 curabimus.
1578 4469 1673 4530 Secus

408 4574 505 4656 igitur
528 4595 569 4637 ne
592 4554 746 4637 feceretis.
771 4575 975 4637 Presentibus
998 4575 1156 4657 perlectis,
1181 4575 1343 4636 exhibenti
1368 4575 1529 4637 restitutis.
1555 4574 1671 4637 Datum

410 4679 500 4742 Bude
525 4679 601 4742 feria
634 4693 720 4742 sexta
744 4682 890 4763 proxima
913 4694 985 4763 post
1010 4680 1126 4743 festum
1151 4681 1325 4742 nativitatis
1360 4680 1542 4742 beatissime
1576 4681 1671 4741 Maris

409 4785 551 4866 virginis.
575 4790 670 4848 Anno
695 4786 819 4849 domini
844 4786 1018 4848 millesimo
1043 4786 1304 4869 quingentesimo
1330 4785 1458 4848 decimo
1487 4805 1587 4847 nono.

515 4906 653 4976 originale
675 4909 699 4960 in
719 4910 818 4963 charta.
838 4909 865 4960 ln
885 4909 1001 4974 margine
1021 4908 1141 4960 inferiori
1162 4909 1321 4973 impressum
1341 4912 1383 4960 est
1402 4908 1527 4973 sigillum.
1543 4908 1569 4958 ln
1589 4907 1668 4958 archi-

409 4996 453 5046 vio
473 4996 518 5048 lib.
538 5011 596 5065 reg.
616 4997 666 5050 civ.
685 4997 878 5062 zsgrsbiensis.
