3732 5802
615 533 688 592 Doc.
714 547 786 596 roo.
810 564 851 576 -
876 533 934 594 Au.
959 543 1046 608 1512.
1405 551 1463 614 ¹¹7

201 639 659 646 ——=-·———--——-——n
677 639 852 644 ..—..-—...
943 639 1090 644 -—-—-

786 759 876 825 100.

300 903 375 954 Anno
398 901 473 968 1512,
495 903 534 954 1².
555 900 657 967 aprilis.
678 898 787 952 Romae.

198 1033 334 1107 Thomas,
357 1031 516 1090 cardriralr's
538 1037 566 1088 et
583 1029 810 1104 archispiscapus
828 1028 1030 1105 Strrgorrerrsis,
1052 1030 1218 1098 assentitur,
1240 1037 1275 1089 ret
1296 1049 1315 1088 a
1337 1031 1463 1106 capr'trrlo

193 1145 353 1196 rectoratus
384 1137 535 1211 hospitales
564 1143 660 1195 sancte
691 1135 840 1194 Elisabeth
871 1135 914 1191 ad
940 1135 1074 1193 Marcum
1105 1135 1140 1192 de
1162 1133 1267 1194 Saklos'
1292 1135 1462 1197 canonicum

740 1242 922 1318 perferatur.

298 1381 507 1446 Venerabiles
538 1381 632 1443 amici
664 1395 696 1443 et
726 1381 772 1443 uti
801 1379 913 1444 fratres
936 1381 1031 1443 nobis
1054 1381 1218 1443 carissimi.
1243 1379 1369 1443 Scimus
1392 1381 1461 1443 istic

192 1489 353 1572 hospitale
385 1491 477 1551 beate
506 1486 674 1550 Elizabeth
710 1487 743 1549 in
774 1507 847 1550 area
878 1487 1045 1570 capitulari
1074 1486 1243 1549 fundatum
1268 1487 1308 1548 ad
1331 1507 1462 1571 presens

194 1616 307 1658 vacare
328 1595 486 1678 legittimo
512 1607 646 1674 rectore,
663 1593 944 1677 intelleximusque
961 1593 1105 1656 redditus
1121 1591 1266 1654 eiusdem
1283 1607 1339 1655 aut
1354 1593 1461 1656 nullos

193 1718 249 1765 sut
280 1703 413 1784 exiguos
443 1701 511 1765 fore
545 1700 638 1781 aden,
662 1714 698 1763 ut
724 1701 821 1763 etiam
845 1700 959 1762 rectori
983 1720 1042 1784 pro
1065 1714 1210 1783 tempore
1234 1699 1460 1763 constituendo

193 1809 235 1872 ad
259 1827 354 1871 usum
376 1807 602 1890 quotidianum
624 1807 758 1870 minime
777 1805 1005 1886 satisfacerent,
1025 1806 1085 1868 nisi
1108 1806 1238 1868 aliunde
1259 1805 1365 1869 eidem
1386 1826 1460 1888 pro·

192 1918 300 1978 visum
324 1927 423 1991 esset;
446 1914 566 1976 nedum
587 1915 697 1996 egenis
717 1927 748 1976 et
766 1913 962 1996 pauperibus
982 1913 1014 1975 in
1035 1912 1149 1975 eodem
1171 1911 1320 1994 hospitali
1341 1912 1459 1994 degen·
1541 1905 1544 1912 ’

193 2023 291 2086 tibus.
316 2023 356 2083 Et
380 2021 456 2104 quia
479 2021 679 2083 honorabilis
703 2021 853 2103 magister
878 2020 1005 2082 Marcus
1025 2019 1199 2082 canonicus
1219 2019 1308 2080 istius
1328 2019 1459 2082 ecclesie

192 2127 419 2212 zagrabiensis,
453 2127 531 2190 alias
566 2125 751 2209 capellanus
782 2125 947 2209 quondam
981 2124 1143 2208 magnifici
1176 2105 1300 2187 domini
1331 2126 1460 2190 Andree

193 2235 278 2298 Both
300 2234 375 2297 bani
397 2235 485 2316 cupit
504 2232 543 2295 de
564 2233 658 2296 bonis
677 2233 738 2294 sibi
759 2252 777 2295 a
798 2234 860 2295 deo
878 2232 1003 2295 collatis
1019 2232 1064 2294 illi
1082 2231 1232 2314 hospitali
1249 2231 1459 2294 elemosinam

191 2361 259 2404 noo
289 2339 454 2422 vulgarem
478 2359 537 2422 pro
560 2359 620 2402 usu
644 2358 822 2422 pauperum
846 2338 967 2402 ibidem
993 2339 1195 2401 existentium
1219 2337 1322 2401 lacere
1346 2352 1377 2402 et
1400 2339 1459 2402 int-

190 2446 344 2531 pendere,
364 2446 556 2528 supplicavit
580 2445 684 2524 nobis,
705 2458 863 2527 quatenus
886 2445 978 2507 vobis
1002 2445 1223 2523 scriberemus,
1244 2457 1278 2507 ut
1301 2444 1459 2528 hospitale

191 2553 285 2632 illud,
310 2553 398 2634 quod
422 2553 462 2614 de
486 2552 664 2615 collacione
688 2565 791 2614 vestra
824 2552 951 2614 racione
980 2551 1245 2634 jurispatronatus
1275 2571 1342 2614 esse
1366 2551 1458 2614 intel-

191 2659 333 2742 ligimus,
350 2659 410 2720 sibi
435 2659 467 2720 in
490 2659 631 2738 titulum,
653 2678 718 2741 quo
743 2659 845 2742 magis
869 2671 899 2720 et
923 2657 1039 2720 melius
1062 2657 1161 2719 animi
1181 2657 1229 2720 sui
1251 2657 1283 2719 in
1304 2678 1459 2741 pauperes

189 2765 393 2850 propositum
418 2765 527 2827 d'ebito
551 2765 734 2846 mancipare
758 2778 864 2848 posset
883 2763 1020 2844 effectui,
1040 2761 1195 2842 conferre,
1212 2763 1288 2825 dare
1309 2777 1340 2826 et
1361 2765 1457 2847 assig-

190 2891 267 2934 nare
283 2871 398 2934 velitis.
416 2871 582 2952 Rogamus
603 2871 711 2952 itaque
728 2890 785 2933 vos
801 2871 1002 2953 presentibus
1018 2869 1199 2951 diligenter,
1216 2870 1320 2932 velitis
1336 2870 1457 2933 dictum

189 2977 349 3060 hospitale
380 2995 453 3038 cum
484 2977 550 3038 suis
578 2975 701 3058 juribus
726 2977 881 3038 universis
904 2976 1010 3038 eidem
1034 2973 1190 3056 conferre,
1214 2989 1250 3038 ut
1273 2976 1369 3056 bona,
1394 2997 1458 3059 que

190 3084 300 3146 animo
325 3081 471 3145 facienda
491 3082 669 3164 proposuit,
690 3081 822 3144 liberius
845 3094 875 3144 et
895 3082 997 3162 magis
1020 3080 1135 3143 idonee
1153 3101 1212 3164 pro
1232 3081 1334 3145 salute
1350 3083 1457 3146 anime

190 3211 246 3253 sue
278 3190 395 3273 exequi
426 3189 526 3273 possit
557 3203 588 3250 et
620 3189 735 3278 valeat,
759 3209 832 3251 cum
861 3189 993 3250 cautelis
1016 3202 1123 3251 tamen
1148 3201 1179 3251 et
1202 3188 1457 3269 condicionibus,

190 3311 224 3360 ut
248 3297 318 3360 istic
340 3296 380 3358 ad
401 3296 483 3358 latus
508 3295 640 3358 ecclesie
661 3295 751 3357 istius
771 3295 908 3357 resideat
923 3307 955 3356 et
969 3294 1127 3377 hospitale
1144 3295 1249 3378 ipsum
1266 3293 1457 3376 inhabitans,

190 3403 222 3464 in
247 3415 366 3464 statum
390 3401 569 3480 meliorem,
593 3415 663 3464 tum
686 3402 719 3463 in
745 3401 856 3480 ruinis,
880 3401 905 3462 si
931 3421 993 3483 que
1020 3413 1104 3480 sunt,
1127 3415 1196 3463 tum
1220 3401 1316 3463 etiam
1341 3401 1372 3462 in
1397 3401 1456 3481 his,

189 3529 253 3591 que
276 3508 318 3570 ad
342 3527 436 3570 usum
460 3509 620 3592 pertinent
643 3527 822 3591 pauperum
847 3506 978 3586 reficiat,
1002 3506 1126 3588 redigat
1149 3519 1180 3569 et
1203 3505 1391 3590 reformas)
1417 3509 1457 3571 Et

187 3635 246 3677 vos
277 3616 360 3676 bene
389 3614 495 3678 valere
528 3627 686 3696 optamus.
719 3615 823 3676 Rome
856 3612 998 3676 secundo
1031 3613 1083 3674 die
1113 3611 1183 3675 festi
1216 3615 1456 3677 resurrectionis

188 3721 333 3784 Domini.
358 3723 455 3782 Anno
478 3719 623 3782 eiusdem
652 3740 743 3801 ¹5¹2·

293 3845 326 3908 (Α
345 3843 442 3908 tergo).
468 3827 716 3889 Venerabilibus
743 3826 884 3889 dominis
907 3825 1049 3909 capitulo
1073 3824 1205 3888 ecclesie
1229 3827 1455 3909 zsgrsbiensis,

188 3932 302 3994 amicis
326 3945 358 3994 et
381 3931 425 3993 uti
452 3929 601 3994 fratribus
624 3932 719 3994 nobis
742 3933 922 3996 carissimis.

519 4072 687 4156 Tho(mas)
711 4074 796 4137 tituli
819 4095 843 4138 s.
865 4075 993 4137 Martini
1018 4075 1050 4136 in
1076 4075 1250 4155 montibus,
1275 4075 1454 4157 cardinalis,

564 4163 784 4244 strigoniensis
807 4184 843 4225 ac
866 4164 1042 4248 patriarcha
1066 4164 1444 4248 Constantinopolitanus

295 4319 432 4386 Originale
457 4321 483 4372 in
507 4322 606 4374 charta.
629 4322 718 4389 'largo
745 4325 902 4389 impressum
923 4329 965 4376 est
982 4325 1109 4391 sigillum.
1129 4325 1155 4376 ln
1179 4325 1277 4380 archiv,
1296 4341 1355 4378 ven.
1375 4329 1454 4392 sapit.

186 4411 295 4474 ragrah.
313 4409 371 4460 net.
392 4409 454 4475 Cap.
474 4416 526 4462 ont.
546 4410 609 4465 laec.
630 4413 671 4465 88.
692 4427 728 4464 nr.
750 4413 774 4464 5.
793 4413 911 4466 Farlattl.
925 4413 994 4465 'ntis
1015 4411 1088 4465 Sacr.
1106 4411 1181 4469 Toni.
1200 4413 1231 4465 V.
1251 4429 1311 4480 pag.
1331 4415 1390 4468 519.

186 4639 209 4704 ²)
240 4639 480 4692 laventarium
512 4643 627 4694 domus
659 4643 854 4708 hospitalis
886 4649 1004 4696 sancte
1036 4643 1196 4696 Elizabet
1228 4645 1260 4698 in
1291 4661 1371 4698 area
1402 4662 1454 4699 ca·

186 4729 335 4792 pitulari
363 4729 504 4782 landate
529 4732 696 4797 magistro
726 4731 837 4784 Marco
866 4735 904 4785 de
934 4732 1089 4786 Solrlows
1117 4735 1192 4786 sine
1221 4735 1453 4788 diminucione

637 4821 755 4886 alique
783 4823 1003 4887 assignatum.

292 4941 356 4994 ltem
383 4947 507 5007 quattuor
532 4943 628 4995 calices
654 4959 737 5010 usque
763 4947 795 4996 ad
819 4947 917 4997 calcem
942 4947 1069 4998 inclusive
1096 4948 1222 5014 deaurati,
1250 4963 1306 5000 curo
1329 4949 1451 5000 omnibus

187 5029 348 5084 attinenciis.
368 5030 425 5082 Una
444 5045 506 5082 crux
526 5039 651 5099 argentea
671 5033 794 5084 similiter
812 5037 944 5100 usquead
962 5036 1060 5086 calcem
1074 5037 1209 5089 deaurata.
1224 5035 1283 5088 Duo
1298 5042 1453 5089 ornamenta
