3900 5804
724 649 811 707 Add:
833 649 913 711 Ann.
939 663 1029 725 1393.
1055 659 1144 725 1397.
1482 667 1543 729 3²5

281 752 527 760 --—.-—-———.
540 755 562 759 -
579 755 655 760 ..--...
1063 756 1436 761 ..—-..-—--.--...—.----...-.
1452 756 1480 762 -.-

896 878 931 944 3.

386 1065 461 1116 Anno
483 1066 560 1118 1393.
580 1067 620 1118 24.
641 1067 771 1118 octobris.
792 1067 912 1118 Posonii.

282 1225 484 1299 Sigismrmdus
506 1227 602 1300 Hung
633 1234 681 1285 etc.
705 1245 760 1284 rex
776 1227 917 1304 Jolranm'
944 1226 1040 1285 corriti
1069 1226 1251 1299 Frankapan
1282 1227 1413 1296 mandat,
1440 1233 1473 1284 ut
1505 1243 1548 1283 oc·

430 1340 551 1406 eupator
569 1341 627 1406 pro
642 1335 775 1406 portorio
797 1351 900 1392 merces
923 1335 1027 1391 civrirm
1050 1333 1169 1406 zagrob.
1191 1333 1260 1406 ipris
1282 1329 1396 1390 reddat.

387 1470 613 1552 Sigismundus
637 1471 688 1533 dei
712 1473 818 1554 gracia
850 1493 904 1535 rex
936 1471 1112 1553 Hungarie,
1130 1471 1306 1550 Dalmacie,
1332 1471 1466 1533 Croacie
1491 1484 1549 1533 etc.

283 1573 492 1658 marchioque
527 1577 859 1663 Brandemburgensis
891 1591 950 1642 etc.
982 1578 1149 1640 Fidelibus
1183 1577 1248 1640 suis
1280 1577 1349 1640 viro
1379 1577 1550 1660 magnifico

282 1681 583 1746 domino'Johanni
608 1685 717 1747 comiti
754 1685 932 1765 Modrusse,
965 1685 1083 1767 Wegle
1115 1697 1174 1746 etc.
1207 1703 1445 1766 regnorumque
1480 1703 1550 1766 pre-

282 1787 441 1851 dictorum
465 1803 647 1853 nostrorum
673 1791 849 1871 Dalmacie,
874 1791 1009 1854 Croacie
1034 1803 1066 1853 et
1090 1789 1263 1853 Sclauonie
1296 1791 1381 1851 bano
1406 1789 1457 1852 vel
1481 1789 1550 1851 eius

282 1893 438 1957 vicebsno
463 1916 499 1958 ac
522 1897 696 1959 castellano
720 1917 778 1959 suo
803 1898 843 1959 de
869 1897 987 1959 Medue
1011 1897 1147 1959 salutern
1172 1907 1203 1958 et
1225 1896 1376 1977 graciam.
1401 1895 1448 1956 Ex
1473 1914 1550 1976 que·

282 1999 388 2062 rulosa
428 2001 668 2083 significacione
708 2002 853 2065 fidelium
892 2003 1012 2066 civium
1047 2015 1231 2064 nostrorum
1268 2001 1404 2063 civitatis
1443 2013 1550 2063 nostre

282 2107 401 2168 montis
425 2107 594 2171 Grecensis
618 2108 657 2170 de
682 2109 838 2190 Zagrabia
854 2109 949 2171 nobis
973 2107 1054 2171 facta
1071 2108 1282 2191 percepimus,
1306 2107 1473 2189 quomodo
1493 2125 1551 2168 vos

282 2231 403 2274 merces
427 2214 509 2277 dicte
533 2215 670 2277 civitatis
694 2228 802 2277 nostre
827 2235 865 2276 ex
888 2228 977 2297 parte
1003 2215 1079 2277 dicti
1103 2214 1196 2276 castri
1220 2215 1320 2276 nostri
1338 2214 1443 2275 minus
1467 2213 1548 2295 juste

283 2332 313 2380 et
336 2319 478 2382 indebite
502 2341 559 2403 per
582 2319 850 2383 informacionem
875 2322 1092 2403 quorumdam
1125 2321 1294 2382 hominum
1319 2339 1476 2401 occupare
1500 2319 1548 2380 ni·

282 2425 430 2487 teremini
454 2439 486 2488 et
510 2427 634 2489 velletis
665 2426 711 2510 (in
737 2427 914 2509 dampnum
946 2426 989 2510 et)
1012 2427 1226 2510 preiudicium
1258 2426 1352 2487 valde
1385 2445 1550 2507 magnum.

284 2529 388 2612 Super
411 2551 476 2613 quo
500 2531 646 2595 fidelitati
670 2546 773 2595 vestre
797 2531 891 2595 firmo
917 2534 1006 2616 regio
1032 2533 1146 2595 damus
1169 2534 1228 2594 sub
1253 2532 1369 2612 edicto,
1394 2545 1552 2614 quatenus

283 2638 378 2698 rebus
401 2639 445 2700 sic
470 2659 503 2700 se
528 2624 734 2717 habentibus,
758 2640 858 2702 dictas
895 2659 1016 2701 merces
1046 2639 1188 2722 predicte
1219 2651 1325 2700 nostre
1359 2638 1495 2700 civitatis
1519 2638 1551 2698 in

284 2743 375 2804 nullo
399 2745 556 2826 impedire
581 2758 612 2808 et
634 2766 792 2829 occupare
823 2747 878 2807 sed
904 2746 1034 2807 easdem
1069 2746 1101 2807 in
1134 2745 1201 2806 suis
1225 2745 1391 2826 vigoribus
1415 2759 1445 2806 et
1469 2759 1552 2806 statu

283 2848 381 2930 priori
405 2850 505 2912 libere
530 2853 721 2934 permittatis
746 2898 884 2914 .....
909 2865 940 2913 et
963 2852 1052 2913 aliud
1085 2853 1144 2913 sub
1163 2853 1297 2913 obtentu
1325 2863 1431 2912 nostre
1446 2851 1551 2932 gracie

283 2954 467 3018 nullatenus
491 2955 594 3019 facere
619 2957 773 3020 audeatis.
791 2959 831 3019 Et
855 2958 916 3020 hoc
940 2958 1027 3018 idem
1044 2957 1243 3038 injungimus
1259 2955 1374 3018 futuris
1391 2957 1550 3018 dictorum

284 3079 456 3143 regnorum
482 3077 664 3124 nostrorum
689 3064 780 3126 banis
798 3065 848 3125 vel
873 3064 1036 3126 vicebanis
1053 3084 1088 3125 ac
1106 3063 1240 3145 predicti
1265 3062 1356 3124 castri
1374 3063 1552 3124 castellanis

284 3165 395 3228 dantes
418 3169 495 3250 ipsis
518 3169 678 3230 similibus
709 3170 804 3250 regiis
846 3171 904 3231 sub
937 3170 1103 3252 preceptis.
1130 3170 1248 3230 Datum
1284 3167 1439 3249 (Posonii)
1475 3167 1551 3230 feria

285 3285 371 3334 sexta
394 3274 540 3355 proxima
564 3289 635 3357 post
659 3274 774 3337 festum
804 3275 953 3337 undecim
987 3276 1125 3337 millium
1157 3275 1329 3355 virginum.
1361 3277 1458 3335 Anno
1490 3274 1547 3335 do·

284 3378 363 3440 mini
387 3380 560 3442 millesimo
585 3381 809 3444 tercentesimo
834 3381 1045 3463 nonagesimo
1069 3371 1179 3443 tercio.

390 3511 527 3577 originale
546 3511 572 3563 in
592 3513 689 3566 charta.
713 3514 734 3564 Α
762 3517 840 3580 tergo
866 3513 1024 3579 impressum
1050 3517 1091 3566 cst
1123 3511 1248 3580 sigillum.
1269 3509 1298 3563 ln
1318 3511 1388 3562 arch.
1415 3513 1438 3564 d.
1458 3511 1550 3562 Levini

286 3599 392 3654 Horvat.

900 3888 938 3953 4.

388 4077 463 4130 Anno
486 4079 560 4130 1397.
581 4081 623 4131 22.
646 4081 740 4132 martii.
760 4081 787 4131 in
808 4079 988 4146 Somogywar.

287 4222 490 4297 Sr'gr'smrmdus
513 4227 615 4300 Hurrg.
640 4236 691 4286 ctc.
716 4248 770 4285 rex
790 4225 930 4286 nobilibus
946 4228 1087 4303 solronnr'
1115 4233 1143 4283 et
1173 4227 1298 4282 lilt'colao
1321 4226 1354 4282 dc
1375 4227 1448 4285 Zeclr
1466 4233 1553 4298 prae·

286 4331 361 4405 cipit,
386 4337 420 4387 ut
438 4332 499 4388 rinc
521 4351 603 4390 rrrora
626 4332 786 4392 restituant
806 4333 1010 4408 jobagr'orribus
1039 4333 1165 4389 civitatis
1194 4333 1296 4389 montis
1333 4331 1485 4390 Grecerrse's
1502 4326 1554 4406 36

600 4441 682 4497 boves
706 4448 734 4497 et
753 4454 773 4516 3
796 4457 890 4514 equos,
914 4457 984 4513 quos
1007 4440 1039 4495 vi
1059 4444 1234 4510 resederunt.

390 4576 616 4657 sigismundus
640 4577 691 4639 dei
715 4578 821 4659 gracia
843 4597 897 4639 rex
922 4577 1099 4658 Hungarie‚
1132 4576 1308 4652 Dalmacie‚
1334 4575 1470 4638 Croucie
1494 4589 1552 4637 etc.

287 4680 494 4763 marchioque
518 4683 850 4764 Brandemburgensis
874 4696 933 4744 etc.
959 4682 1126 4742 Fidelibus
1150 4681 1215 4742 suis
1232 4682 1390 4762 magistris
1414 4681 1552 4742 iohanni

287 4800 318 4848 et
340 4786 487 4866 Nicolao‚
511 4786 586 4850 filiis
609 4789 735 4850 Nicolai
760 4789 800 4850 de
824 4789 919 4864 Zeclr,
933 4787 1070 4848 salutem
1094 4801 1125 4847 et
1148 4787 1298 4868 graciam.
1320 4787 1443 4848 Dicitur
1461 4787 1554 4846 nobis

287 4893 320 4954 in
344 4894 490 4975 personis
513 4895 724 4976 providorum
750 4895 894 4956 virorum
922 4893 1047 4974 judicis,
1072 4892 1250 4974 juratorum
1273 4906 1304 4953 et
1328 4893 1552 4953 universorum

288 4997 407 5058 civium
439 4983 624 5068 nostrorum
657 4999 697 5062 de
729 5001 895 5082 Zagrabia,
924 4999 1091 5081 quomodo
1122 5017 1180 5059 vos
1211 4998 1340 5080 triginta
1371 5017 1424 5059 sex
1457 5000 1555 5060 boves

286 5101 499 5185 jobagionum
523 5105 667 5188 ipsorum
691 5127 727 5168 ac
751 5119 813 5166 tres
837 5124 938 5186 equos
960 5104 1157 5186 recepissetis
1189 5117 1219 5166 et
1243 5104 1364 5166 eisdem
1390 5105 1553 5166 restituere
