3808 5792
649 557 721 618 Dec.
747 556 818 639 164.
847 593 887 604 -
912 561 967 621 Aa.
992 574 1084 636 1520.
1442 581 1499 624 201

235 788 340 850 tribus
363 788 431 850 auri
457 802 488 864 et
510 807 568 870 per
599 787 758 871 prefatum
794 788 896 854 eciam
931 789 1017 860 dicto
1053 788 1191 852 condam
1225 789 1379 869 Fabiano,
1410 803 1505 873 prout

238 914 346 958 coram
370 893 494 976 prefato
519 893 676 959 Michaele
700 893 806 976 judice
835 893 936 958 lassus
960 892 1031 973 fuit,
1054 894 1118 964 iam
1149 893 1209 960 tibi
1234 895 1328 978 plene
1360 895 1442 960 datis
1474 909 1505 960 et

235 1001 407 1083 persolutis
426 1000 623 1064 vendidisset
648 1014 679 1062 et
703 1000 900 1080 contulisset,
924 1000 1025 1064 immo
1048 1000 1194 1067 vendidit
1217 1013 1249 1064 et
1280 1001 1416 1064 contulit
1451 1023 1505 1066 co·

235 1126 303 1168 ram
328 1107 422 1170 nobis
446 1106 514 1188 jure
538 1119 695 1189 perpetuo
716 1119 748 1170 et
778 1106 1030 1170 irrevocabiliter
1061 1107 1246 1186 tenendam,
1277 1107 1505 1189 possidendam

236 1213 355 1296 pariter
378 1227 409 1275 et
432 1212 626 1292 habendam,
650 1233 686 1275 ac
711 1213 796 1277 iuxta
828 1212 1054 1276 condicionem
1091 1212 1228 1276 civitatis
1261 1227 1428 1296 prenotate
1464 1216 1504 1278 ab

236 1318 370 1400 antiquo
393 1318 637 1401 privilegialiter
667 1319 878 1401 approbatam
903 1318 1212 1401 quomodocumque
1236 1317 1375 1386 voluerit
1398 1319 1505 1403 dispo-

238 1424 389 1488 nendam.
415 1425 449 1485 ln
474 1425 564 1488 cuius
588 1425 633 1486 rei
656 1425 858 1504 memoriam,
890 1423 1123 1502 testimonium,
1156 1422 1404 1506 firmitatemque
1435 1445 1506 1508 per-

238 1546 368 1614 petuam
383 1531 583 1614 presentibus
596 1531 739 1613 sigillum
752 1545 897 1594 nostrum
914 1549 1087 1597 commune
1104 1529 1209 1593 eidem
1227 1528 1377 1598 duximus
1393 1551 1506 1594 conce-

238 1637 393 1702 dendum.
418 1637 536 1703 Datum
561 1638 672 1702 sabato
695 1638 844 1720 proximo
867 1650 940 1700 ante
970 1634 1086 1700 festum
1111 1637 1278 1700 beatorum
1310 1637 1444 1700 Fabiani
1476 1651 1507 1700 et

239 1743 417 1809 Sebastiani
432 1743 608 1808 martirum.
623 1747 720 1808 Anno
732 1744 857 1806 domini
875 1743 1049 1806 millesimo
1061 1742 1320 1824 quingentesimo
1337 1743 1504 1825 vigesimo.

347 1883 484 1949 originale
503 1883 529 1935 in
555 1885 713 1937 membrana.
742 1885 861 1950 Atergo
890 1883 1048 1949 impressam
1078 1889 1119 1936 est
1146 1883 1264 1950 sigillum
1293 1883 1450 1936 communis.
1478 1882 1505 1934 ln

239 1971 339 2024 archiv.
361 1972 421 2024 incl.
439 1971 534 2026 accat.
555 1972 649 2026 scient.
669 1970 773 2026 slavor.
794 1973 889 2027 marid.

833 2255 920 2329 164.

349 2416 428 2466 Anno
450 2413 525 2465 1520.
545 2413 587 2466 29.
607 2414 742 2479 februarii,
761 2413 918 2481 Zegrabiae.

245 2541 417 2617 Gregorrias‚
441 2515 553 2602 arcfrait.
577 2541 782 2622 kamarcensis,
806 2543 918 2602 atomum
952 2561 1039 2618 quam
1063 2544 1093 2601 iu
1109 2543 1390 2618 pracberrdan'arum
1425 2563 1507 2604 aarum

351 2647 525 2718 aedificavit,
542 2647 718 2723 fitmtatsbai
738 2645 866 2708 altariae
889 2649 919 2706 in
943 2651 1057 2708 ecclesia
1073 2649 1237 2708 cathedrali
1257 2651 1398 2712 attribuit.

346 2785 535 2868 Capitulum
571 2786 704 2851 ecclesie
735 2788 961 2870 zagrabiensis.
1002 2787 1164 2855 Omnibus
1203 2787 1323 2852 Christi
1357 2787 1507 2857 fidelibus
1584 2783 1586 2789 ’

239 2892 441 2974 presentibus
464 2893 582 2978 pariter
606 2906 637 2956 et
661 2891 775 2956 futuris
798 2895 1001 2981 presencium
1025 2895 1179 2960 noticiam
1197 2894 1353 2962 habituris
1370 2895 1506 2958 salutem

239 2977 272 3060 in
296 2998 444 3062 omnium
467 2998 635 3063 salvatore.
660 2999 711 3062 Ad
736 3000 960 3069 universorum
984 3013 1049 3064 tam
1073 3001 1275 3083 presencium
1300 3020 1397 3083 quarn
1422 3000 1506 3066 futu-

239 3123 348 3167 rorum
374 3105 526 3170 noticiam
550 3105 664 3175 harum
686 3105 768 3172 serie
791 3106 942 3171 volumus
965 3106 1142 3188 pervenire.
1168 3105 1244 3180 Qud
1275 3126 1349 3182 cum
1372 3126 1431 3172 nos
1455 3107 1506 3172 die

239 3209 386 3276 datarum
410 3212 611 3296 presencium
634 3225 765 3298 propter
788 3225 888 3276 certas
912 3232 1022 3278 causas
1055 3227 1086 3274 et
1108 3213 1208 3276 ardua
1230 3213 1363 3298 negocia
1394 3233 1453 3276 nos
1477 3226 1508 3276 et

239 3316 408 3380 ecclesiam
431 3330 572 3382 nostram
597 3338 745 3402 sumpme
769 3319 921 3402 urgencia
945 3319 1146 3404 expedienda
1170 3319 1210 3380 ad
1234 3319 1364 3402 pulsum
1404 3320 1506 3384 maio·

239 3421 282 3484 ris
304 3442 459 3505 campane
483 3423 699 3508 capitulariter
722 3426 907 3508 congregati
930 3423 1111 3505 fuissemus,
1134 3437 1210 3490 tunc
1232 3425 1425 3491 venerabilis
1449 3425 1506 3490 do·

239 3527 347 3590 minus
371 3527 547 3619 Gregorius
570 3529 814 3597 archidiaconus
849 3531 1063 3598 kamarcensis
1085 3531 1179 3594 frater
1212 3545 1243 3594 et
1271 3533 1507 3596 concanonicus

241 3645 348 3696 noster
372 3636 412 3696 ab
437 3654 500 3702 una
523 3650 622 3720 parte,
646 3637 807 3720 siquidem
832 3657 869 3700 ex
893 3638 992 3702 altera
1008 3637 1206 3704 honorabilis
1231 3637 1392 3700 lohannes
1421 3658 1506 3722 pres·

240 3739 321 3808 biter
345 3740 385 3804 de
410 3742 573 3825 Krapyna,
606 3743 837 3825 prebendarius
868 3743 956 3807 chori
991 3745 1123 3808 ecclesie
1155 3757 1262 3808 nostre
1293 3744 1507 3827 zagrabiensis

240 3846 381 3928 predicte
406 3867 514 3917 coram
538 3849 631 3912 nobis
654 3850 865 3932 personaliter
888 3851 1061 3932 constituti,
1085 3849 1222 3912 confessi
1249 3864 1322 3914 sunt
1345 3851 1505 3914 unanimi·

239 3965 287 4014 ter
310 3953 343 4015 in
369 3952 453 4015 hunc
477 3953 629 4018 modurn:
655 3955 822 4038 quomodo
847 3957 906 4038 ipsi
932 3957 1011 4020 alias
1041 3956 1121 4020 feria
1143 3971 1229 4020 sexta
1261 3957 1407 4039 proxima
1434 3970 1507 4040 post

241 4056 358 4122 festum
381 4060 548 4123 beatorum
574 4060 721 4124 Geruaaii
746 4075 776 4124 et
800 4061 957 4124 Prothasii
991 4063 1158 4126 martirum
1192 4062 1231 4124 de
1263 4083 1349 4126 anno
1381 4062 1504 4126 domini

240 4163 414 4228 millesimo
439 4166 698 4250 quingentesimo
723 4168 960 4232 decimosexto
985 4168 1025 4231 de
1048 4169 1178 4252 speciali
1212 4189 1369 4232 consensu
1393 4183 1424 4231 et
1448 4189 1504 4232 an-

239 4270 376 4332 nuencia
399 4283 506 4336 nostra
529 4272 626 4334 talem
649 4273 781 4336 inissent
804 4287 835 4336 et
851 4273 999 4338 fecissent
1014 4275 1096 4338 inter
1119 4294 1152 4336 se
1169 4275 1454 4358 composicionem,
1471 4289 1506 4338 ut

239 4375 390 4439 videlicet
413 4377 480 4460 ipse
504 4378 655 4442 dominus
680 4378 855 4462 Gregorius
878 4380 910 4442 in
942 4380 1015 4442 loco
1047 4380 1162 4444 domus
1194 4380 1399 4464 prebendalis
1430 4381 1506 4444 dicti

241 4481 396 4546 lobannis
419 4485 585 4566 presbiteri
609 4485 761 4548 celarium
786 4499 817 4550 et
839 4499 902 4548 tres
925 4486 1041 4551 domos
1064 4485 1242 4566 inferiores,
1258 4499 1352 4571 puta:
1369 4488 1506 4566 stubam,

240 4590 418 4672 pretorium
442 4603 473 4652 et
496 4610 655 4656 cameram
679 4591 719 4654 de
742 4611 836 4656 muro
853 4604 884 4655 et
900 4593 1062 4676 lapidibus
1079 4569 1226 4655 edificare
1244 4605 1274 4654 et
1303 4594 1390 4656 bono
1406 4592 1506 4658 modo

240 4715 465 4760 consummare
489 4698 696 4782 promisisset,
714 4712 810 4784 prout
833 4719 890 4762 sua
905 4700 1067 4782 personali
1096 4700 1235 4763 astancia
1259 4719 1317 4782 pro
1340 4713 1417 4763 tunc
1433 4719 1506 4782 pro·

240 4803 371 4876 miserat
394 4822 502 4866 coram
527 4805 631 4885 nobis,
656 4818 687 4867 et
709 4816 839 4890 propter
863 4805 923 4868 hoc
940 4807 1008 4889 ipse
1025 4805 1189 4870 lohannes
1204 4806 1359 4888 presbiter
1374 4824 1507 4880 suorum

239 4927 460 4974 successorum
485 4911 637 4972 oneribus
662 4911 695 4973 in
727 4932 760 4974 se
795 4911 976 4994 assumptis,
1009 4913 1142 4996 cupiens
1173 4912 1275 4974 vicem
1304 4911 1508 4994 gratitudinis

240 5015 439 5101 impendere,
464 5031 622 5100 quatenus
646 5017 758 5080 merita
791 5017 964 5080 honestatis
996 5019 1227 5102 probitatisque
1261 5019 1453 5080 extollantur
1477 5031 1508 5081 et
