3732 5802
410 515 466 556 102
832 497 909 558 Doc.
927 509 984 574 94.
1009 529 1048 538 —
1073 497 1133 562 An.
1156 508 1239 572 1511.

400 723 569 786 Grecensis
585 725 708 786 nullam
721 725 944 788 executionem
961 744 1066 806 neque
1078 725 1222 807 aliquam
1235 726 1476 788 attestacionem
1489 726 1666 789 secundum

401 829 485 892 dicta
517 830 667 893 mandata
698 845 800 894 vestre
826 831 1000 893 Maiestatis
1031 833 1063 893 in
1096 833 1366 914 comprobatione
1390 845 1421 894 et
1444 832 1666 896 verificacione

398 949 542 998 actorum
567 937 708 1019 ipsorum
729 937 803 999 licet
824 938 957 1000 amoniti
979 935 1081 1000 facere
1102 939 1287 1018 voluissent,
1305 939 1480 1020 allegantes
1495 959 1528 1001 se
1549 939 1667 1002 habere

400 1042 468 1123 jura
493 1062 528 1103 ac
552 1043 671 1104 litteras
696 1057 726 1106 et
746 1043 893 1104 litteralia
914 1044 1158 1106 instrumentaa
1180 1043 1262 1106 divis
1283 1045 1411 1126 regibus
1432 1045 1554 1108 eisdem
1573 1065 1669 1127 super

400 1149 600 1210 libertatibus
639 1148 699 1210 fori
738 1163 769 1210 et
808 1149 878 1210 aliis
915 1149 1004 1211 datas
1039 1163 1069 1210 et
1104 1169 1264 1230 concessa,
1296 1171 1375 1232 quas
1408 1151 1467 1233 ipsi
1499 1151 1668 1212 ostendere

401 1255 537 1333 nollent,
562 1269 592 1316 et
624 1275 729 1336 neque
758 1256 899 1337 aliquam
933 1256 1124 1318 revisionem
1157 1269 1212 1318 aut
1244 1257 1503 1338 recognicionem
1527 1257 1559 1318 in
1585 1255 1668 1318 facto

401 1359 476 1422 dicti
501 1359 561 1422 lori
586 1373 617 1422 et
640 1360 778 1423 aliorum
806 1362 1016 1443 negociorum
1041 1363 1073 1423 in
1098 1362 1280 1443 preinsertis
1303 1363 1416 1424 litteris
1440 1376 1542 1425 vestre
1570 1363 1668 1424 Maie-

400 1467 489 1528 statis
529 1487 586 1548 per
625 1486 808 1549 expressum
847 1467 1015 1530 declaratis
1053 1466 1156 1530 lacere
1192 1469 1328 1544 vellent;
1364 1467 1524 1551 prefatum
1560 1481 1667 1529 autem

401 1573 576 1655 capitulum
601 1572 687 1654 juxta
711 1574 883 1656 prescripta
908 1574 1057 1636 mandata
1081 1587 1183 1636 vestre
1209 1575 1381 1636 Maiestatis
1403 1576 1529 1636 nobiles
1546 1575 1669 1636 vicinos

402 1691 432 1740 et
467 1692 707 1741 commetaneos
738 1699 773 1741 ac
810 1681 1098 1762 comprovinciales
1137 1681 1212 1743 dicti
1248 1683 1418 1743 comitatus
1452 1681 1668 1762 zagrabiensis

402 1786 434 1846 in
458 1784 541 1846 dicta
566 1784 643 1847 feria
668 1799 780 1867 quarta
805 1799 835 1847 et
859 1786 923 1848 alio
947 1786 999 1848 die
1025 1787 1212 1848 immediate
1235 1788 1393 1868 sequenti,
1416 1787 1472 1868 qui
1492 1787 1668 1848 addictam

401 1891 689 1972 congregacionem
727 1892 910 1973 generalem
947 1893 1107 1954 venissent
1142 1913 1178 1954 ac
1214 1912 1296 1974 quos
1330 1893 1363 1954 in
1398 1893 1668 1974 comprobacione

402 1997 553 2079 premisse
577 1998 718 2059 accionis
742 1998 773 2058 in
799 1996 882 2059 lacto
907 1998 982 2060 dicti
1008 1997 1068 2060 fori
1092 2012 1124 2060 et
1149 1999 1287 2060 aliorum
1311 1999 1520 2081 negociorum
1542 1998 1582 2059 ad
1600 2017 1669 2080 pcr-

402 2101 579 2164 hibendum
603 2103 822 2166 testimonium
850 2105 970 2166 veritati
996 2104 1203 2166 adduxissent
1220 2118 1251 2166 et
1267 2119 1497 2167 convocassent
1508 2124 1545 2165 ac
1561 2123 1669 2165 coram

403 2208 496 2269 nobis
528 2209 720 2288 statuissent,
744 2231 763 2272 a
787 2209 1039 2292 quibusquidem
1064 2211 1230 2273 nobilibus
1251 2212 1364 2272 vicinis
1387 2225 1419 2272 et
1441 2210 1672 2272 commetaneis

403 2334 440 2375 ac
464 2315 791 2396 comprovincialibus
814 2317 910 2377 talem
934 2317 973 2377 de
994 2317 1157 2399 premissis
1174 2318 1361 2380 rescivimus
1377 2330 1408 2380 et
1424 2317 1545 2399 experti
1561 2335 1672 2378 sumus

403 2420 600 2482 certitudinis
619 2421 803 2483 veritatem:
826 2423 924 2496 Quod
945 2423 1049 2504 primo
1070 2426 1110 2484 ab
1127 2424 1247 2485 eisdem
1265 2424 1377 2484 vicinis
1394 2436 1424 2484 et
1440 2422 1672 2484 commetaneis

403 2525 631 2607 nobilibusque
649 2528 976 2609 comprovincialibus
992 2529 1067 2590 dicti
1086 2531 1255 2592 comitatus
1271 2529 1487 2612 zagrabiensis
1502 2527 1670 2610 prehabito

403 2631 600 2693 strictissimo
624 2632 804 2714 juramento
828 2634 868 2695 ad
893 2634 989 2696 fidem
1019 2655 1131 2698 eorum
1155 2635 1217 2698 deo
1242 2637 1394 2705 debitam,
1417 2633 1670 2715 fidelitatemque

403 2749 506 2798 vestre
531 2738 686 2800 Maiestati
712 2752 743 2800 et
766 2759 852 2802 sacre
876 2759 994 2803 corone
1017 2742 1161 2804 eiusdem
1185 2741 1430 2818 observandam,
1453 2739 1591 2802 modum
1615 2740 1671 2801 sci·

403 2843 477 2904 licet
501 2857 532 2904 et
554 2843 690 2906 formam
716 2847 748 2907 in
773 2847 1033 2908 attestacionibus
1062 2847 1201 2910 fiendam
1226 2861 1256 2910 et
1280 2847 1458 2909 faciendam
1484 2867 1541 2928 per
1562 2845 1670 2907 omnia

405 2951 649 3030 observandam,
674 2952 771 3014 iidem
793 2953 887 3014 vicini
910 2967 941 3014 et
962 2956 1175 3016 commetanei
1192 2975 1228 3016 ac
1244 2955 1369 3016 nobiles
1385 2952 1673 3035 comprovinciales

404 3075 548 3118 seorsum
583 3071 613 3118 et
645 3059 831 3139 singillatim
866 3059 906 3120 de
937 3061 1099 3142 premissis
1130 3060 1277 3122 fecissent
1304 3060 1566 3122 attestacionem:
1593 3058 1670 3119 ltem

404 3162 521 3244 primo,
545 3163 664 3224 nobilis
688 3163 833 3226 Andreas
857 3165 1012 3228 litteratus
1036 3167 1075 3228 de
1102 3168 1318 3250 Beryzlowcz,
1342 3167 1477 3243 vicinus,
1498 3164 1619 3244 juratus
1642 3175 1672 3223 et

404 3268 612 3347 examinatus,
644 3268 744 3331 fassus
768 3284 831 3331 est:
858 3271 945 3352 quod
975 3273 1158 3354 ipsasciret
1182 3286 1213 3334 et
1236 3273 1297 3334 sibi
1320 3273 1484 3333 evidenter
1507 3283 1632 3332 constat
1654 3289 1671 3330 a

403 3387 547 3456 tempore
567 3395 632 3455 quo
653 3377 808 3438 memoria
825 3397 881 3438 sua
899 3378 1169 3460 comprehendere
1187 3379 1296 3461 possit,
1313 3378 1451 3439 universi
1468 3391 1671 3452 mercatores,

403 3495 469 3542 tam
502 3480 668 3542 domestici
700 3502 796 3563 quam
822 3481 973 3562 forenses,
995 3504 1107 3546 omnes
1132 3485 1326 3546 mercancias
1351 3483 1523 3545 cuiuslibet
1544 3483 1671 3564 generis

406 3587 437 3647 in
455 3605 527 3648 area
545 3587 711 3668 capitulari
728 3589 927 3669 zagrabiensi
944 3604 975 3651 et
990 3591 1156 3673 presertim
1175 3591 1205 3651 in
1224 3591 1322 3652 domo
1342 3589 1493 3672 Stephani
1513 3585 1670 3649 Kewlked

405 3693 436 3752 in
469 3691 554 3753 dicto
587 3693 728 3773 capitulo
759 3694 934 3774 residentis,
960 3695 1140 3776 jobagionia
1167 3696 1355 3757 eorumdem
1381 3693 1617 3776 capitularium,
1641 3705 1671 3753 et

405 3799 437 3859 in
458 3798 557 3859 domo
581 3799 747 3880 hospitalis
767 3814 873 3860 sancte
896 3800 1059 3862 Elisabeth
1082 3801 1114 3861 in
1136 3801 1203 3883 ipsa
1224 3821 1296 3862 area
1317 3800 1515 3882 zagrabiensi
1539 3798 1670 3860 fundata

404 3918 435 3966 et
458 3905 529 3966 aliis
552 3905 702 3966 domibus
726 3905 757 3965 in
782 3906 851 3987 ipso
871 3907 1011 3987 capitulo
1032 3921 1096 3967 tam
1117 3921 1261 3989 tempore
1282 3905 1544 3988 congregacionis
1565 3904 1671 3986 regni·

404 4011 559 4088 colarum,
584 4029 680 4090 quam
714 4011 814 4072 eciam
849 4011 908 4073 fori
942 4025 972 4074 et
1004 4011 1075 4073 aliis
1107 4012 1267 4074 continuis
1295 4011 1409 4074 diebus
1433 4031 1560 4094 semper
1585 4026 1616 4072 et
1640 4013 1671 4072 in

405 4117 493 4178 omni
519 4129 664 4198 tempore
689 4116 788 4178 libere
809 4117 999 4197 habuerunt,
1017 4117 1159 4179 fecerunt
1185 4131 1216 4179 et
1232 4117 1446 4179 vendiderunt
1462 4118 1530 4178 sine
1547 4132 1672 4180 contra-

405 4223 550 4284 diccione
576 4222 734 4283 dictorum
760 4223 878 4284 civium
902 4238 1041 4305 pretacte
1066 4224 1201 4285 civitatis
1224 4224 1343 4284 montis
1361 4223 1547 4300 Grecensis;
1571 4225 1672 4286 immo

405 4341 435 4389 et
460 4329 518 4410 ipsi
544 4329 628 4388 cives
652 4330 771 4390 montis
795 4328 964 4391 Grecensis
989 4331 1108 4392 ibidem
1134 4331 1166 4392 in
1187 4329 1312 4392 theatro
1332 4330 1397 4392 sive
1415 4350 1486 4392 area
1504 4331 1672 4412 capitulari

406 4433 522 4494 domos
555 4434 621 4494 sive
653 4434 779 4495 bolthas
808 4436 982 4517 apreciatas
1012 4449 1184 4498 tenuerunt
1216 4456 1251 4497 ac
1275 4437 1470 4517 mercancias
1493 4436 1525 4497 in
1550 4435 1673 4498 eisdem

406 4537 550 4600 lecerunt
581 4553 612 4600 et
641 4555 860 4619 exercuerunt,
885 4542 945 4604 nisi
977 4563 993 4604 a
1026 4555 1170 4624 tempore
1196 4542 1332 4604 condam
1357 4542 1512 4604 Johannis
1536 4541 1673 4604 Coruini

406 4644 496 4705 ducis
521 4645 737 4707 contradicere
762 4647 967 4730 inceperunt;
993 4647 1099 4710 forum
1121 4661 1228 4710 autem
1250 4647 1488 4729 quottidianum
1510 4647 1571 4730 ipsi
1588 4647 1674 4730 capi-

405 4749 523 4811 tulares
562 4751 594 4811 in
634 4771 705 4812 area
746 4752 887 4835 ipsorum
928 4753 1093 4836 capitulari
1130 4773 1256 4836 semper
1287 4753 1425 4815 liberum
1460 4753 1528 4814 sine
1564 4753 1673 4834 aliqua

406 4855 663 4918 contradiccione
680 4871 710 4918 et
727 4858 959 4939 impedimento
976 4860 1166 4922 habuerunt.
1184 4861 1272 4937 ltem,
1290 4859 1437 4940 egregius
1455 4859 1617 4921 lohannes
1633 4859 1672 4919 de

406 4962 559 5044 Pezery0,
576 4962 709 5042 vicinus,
730 4963 850 5044 juratus
873 4979 903 5027 et
923 4967 1132 5044 examinatus,
1152 4964 1253 5027 fassus
1273 4979 1319 5027 est
1340 4967 1419 5027 scitu
1436 4985 1492 5048 per
1512 4964 1622 5025 omnia
1643 4979 1672 5024 et
