3808 5792
671 569 743 628 Dec.
770 565 835 646 163.
859 602 902 612 -
924 569 982 628 An.
1008 581 1094 645 1520.
1438 593 1495 654 ¹99

229 795 330 856 biensi
362 795 581 875 existencium,
617 795 677 878 juri
713 795 903 858 eorumdem
935 797 1184 878 protestantium
1221 799 1432 880 spectantium
1465 813 1496 862 et

230 901 388 983 pertinere
423 901 622 980 debentium,
645 921 744 984 aeque
775 901 861 984 ipsos
884 901 1000 983 quovis
1023 902 1180 984 exquisito
1203 903 1311 965 colore
1335 904 1367 966 in
1391 905 1495 967 domi·

228 1005 318 1067 nium
342 1006 528 1070 earumdem
552 1008 792 1089 possessionum
809 1021 1061 1088 cunctarumque
1077 1026 1206 1070 suarum
1223 1009 1493 1090 pertinenciarum

227 1112 475 1192 intromissione,
491 1113 767 1196 appropriacione,
784 1114 996 1196 usurpacione
1013 1127 1044 1175 et
1060 1114 1119 1175 sibi
1143 1115 1218 1196 ipsis
1235 1113 1494 1195 statuifaccione3

228 1218 374 1280 universa
399 1238 530 1300 quoque
555 1219 705 1302 capitula,
737 1232 914 1282 conventus
945 1233 975 1282 et
999 1220 1061 1282 alia
1093 1221 1163 1282 loca
1195 1220 1361 1284 credibilia
1393 1243 1411 1286 a
1443 1223 1494 1286 lit·

226 1337 364 1385 terarum
387 1343 516 1386 suarum
542 1324 857 1404 introductoriarum,
874 1326 1112 1387 statutoriarum
1136 1339 1166 1387 et
1182 1327 1317 1390 aliarum
1342 1339 1493 1409 quarum-

127 1409 132 1422 ⁹
227 1447 365 1511 cumque
388 1431 448 1492 sub
472 1449 677 1512 quacumque
693 1432 866 1493 verborum
883 1430 985 1492 forma
1001 1430 1147 1493 datarum
1163 1447 1218 1494 aut
1235 1432 1414 1496 dandarum
1433 1433 1493 1516 juri

228 1534 416 1599 eorumdem
441 1536 690 1619 protestantium
711 1537 969 1620 derogandarum
986 1538 1195 1600 emanacione
1212 1553 1242 1600 et
1259 1539 1494 1620 extradacione,

229 1661 345 1704 usuum
370 1643 472 1705 eciam
495 1655 527 1705 et
549 1640 711 1706 fructuum
735 1664 771 1706 ac
788 1644 1005 1726 quarumlibet
1021 1643 1195 1706 utilitatum
1220 1645 1406 1708 earumdem
1424 1665 1493 1729 per·

228 1749 378 1832 cepcione
403 1768 460 1811 seu
483 1746 751 1832 percipilaccione
776 1748 869 1812 lactis
893 1749 1119 1832 quomdolibet
1144 1750 1194 1812 vel
1228 1748 1342 1812 fiendis
1365 1751 1493 1834 publice

226 1867 257 1916 et
280 1853 447 1918 manifeste
470 1854 609 1918 inhibuit
630 1854 881 1919 contradicendo
904 1869 935 1918 et
958 1854 1149 1917 contradixit
1173 1855 1361 1935 inhibendo,
1379 1855 1492 1919 harum

227 1974 407 2024 nostrarum
435 1962 546 2043 vigore
570 1975 601 2023 et
632 1962 818 2025 testimonio
849 1963 1026 2024 litterarum
1056 1962 1228 2026 mediante.
1263 1962 1380 2024 Datum
1415 1961 1494 2025 feria

201 2067 367 2130 'secunda
402 2068 435 2129 in
471 2068 581 2149 vigilia
615 2069 763 2130 omnium
798 2081 991 2132 sanctorum.
1030 2073 1127 2130 Anno
1162 2067 1286 2130 domini
1322 2067 1493 2131 millesimo

227 2173 485 2256 quingentesimo
510 2173 637 2237 decimo
660 2193 761 2237 nono.

331 2311 467 2378 originale
487 2314 513 2365 ln
533 2313 630 2368 chana.
650 2317 672 2364 A
692 2320 769 2381 tergo
790 2315 948 2380 impressam
976 2320 1016 2366 est
1036 2315 1163 2381 sigillum.
1182 2315 1209 2368 ln
1229 2314 1347 2366 archivio
1367 2315 1413 2366 lib.
1434 2329 1491 2381 reg.

226 2401 274 2453 clu.
294 2401 483 2466 ragrabieneis.

813 2688 898 2755 163.

331 2849 406 2898 Anno
429 2845 502 2900 1520.
525 2847 564 2900 14.
581 2846 702 2912 ianuarii.
725 2845 879 2912 Zagrablae.

233 2973 337 3031 Coram
359 2976 537 3054 magistratu
559 2975 685 3032 civitatis
707 2975 861 3032 Fabianus
883 2973 980 3034 Milin
992 2975 1063 3032 civis
1078 2976 1183 3032 siloam
1199 2975 1229 3032 in
1263 2974 1390 3032 Vrhovec
1404 2977 1490 3031 st'tom

251 3091 275 3155 5
290 3080 363 3156 flor.
389 3089 418 3139 el
436 3081 549 3138 dentum
573 3081 673 3138 ibidem
696 3082 781 3138 sitam
799 3093 825 3156 3
839 3081 913 3156 star.
938 3082 1027 3138 Elias
1048 3082 1082 3138 de
1111 3080 1255 3139 Grkville
1277 3081 1336 3138 civi
1357 3080 1460 3140 vendit.

331 3238 398 3298 Nos
421 3237 588 3298 Emericus
613 3235 809 3320 Mykwlych,
832 3235 917 3298 filius
941 3236 1107 3316 Demetrii,
1120 3236 1227 3320 judex,
1244 3236 1416 3314 lohannes,
1433 3235 1490 3298 Pe-

225 3357 300 3422 trus,
324 3341 471 3422 Mathiaa,
495 3341 652 3421 Thomas,
677 3340 833 3421 Andreas,
859 3341 1030 3424 Georgius,
1055 3343 1147 3406 aliter
1180 3341 1340 3425 Georgius
1364 3355 1394 3404 et
1419 3340 1489 3404 Cri·

224 3448 373 3511 stollorus
395 3447 500 3530 jurati,
524 3448 697 3510 consiliarii
722 3461 753 3510 et
770 3448 911 3510 universi
936 3448 1020 3510 cives
1044 3449 1180 3510 civitatis
1198 3448 1488 3530 Montiagrecensis.

227 3555 382 3618 Memorie
417 3554 682 3617 commendamus
716 3569 827 3617 tenore
869 3555 1069 3638 presencium
1109 3553 1335 3637 significantes,
1373 3553 1490 3635 quibus

226 3661 353 3744 expedit
388 3661 555 3740 universis,
594 3661 682 3742 quod
725 3661 974 3744 circumspectus
1014 3673 1045 3722 et
1080 3660 1233 3722 honestus
1270 3660 1318 3720 vir
1352 3658 1489 3720 Michael

226 3767 455 3850 Oppraasnych
477 3767 590 3846 dictus,
623 3767 730 3829 senior
765 3767 861 3848 judex
894 3780 925 3828 et
960 3766 1100 3828 concivis
1136 3780 1243 3827 noster
1273 3765 1313 3826 ad
1349 3777 1489 3827 nostram

224 3873 435 3955 personaliter
457 3873 589 3934 veniens
612 3873 810 3955 presenciam
836 3871 938 3935 fassus
962 3873 1057 3934 estin
1081 3872 1166 3933 hunc
1183 3871 1335 3932 modum:
1360 3883 1395 3932 ut
1410 3870 1488 3932 dum

226 3979 291 4061 ipse
315 3998 401 4040 anno
425 3991 584 4041 transacto
615 3977 736 4040 honore
770 3991 801 4040 et
833 3977 942 4041 officio
973 3978 1131 4060 judicatus
1162 3977 1260 4039 nostri
1292 3975 1488 4058 fungeretur,

225 4096 341 4148 eotunc
364 4083 519 4167 providus
545 4084 683 4146 condam
711 4084 872 4146 Fabianus
904 4085 1006 4168 Mylin
1039 4083 1152 4163 dictus,
1185 4083 1263 4146 olim
1296 4081 1489 4145 inhabitator

224 4189 374 4252 territorii
399 4190 534 4252 civitatis
557 4203 676 4270 nostre,
701 4190 848 4252 similiter
871 4191 903 4252 in
928 4209 1019 4252 suam
1043 4190 1175 4252 veniens
1199 4188 1398 4272 presenciam
1428 4188 1488 4250 fas·

224 4316 277 4357 sus
301 4296 362 4358 luit
386 4297 417 4358 in
441 4296 527 4358 hunc
549 4296 704 4358 modum:
730 4311 764 4358 ut
787 4297 855 4379 ipse
879 4295 1053 4378 quamdam
1078 4295 1191 4357 silvam
1222 4313 1313 4356 suam
1337 4294 1369 4355 in
1399 4295 1487 4356 terri·

223 4403 306 4465 torio
331 4403 467 4464 civitatis
489 4399 609 4484 prefate
633 4403 666 4463 in
702 4402 895 4464 Werhowcz
930 4401 1069 4463 habitam
1096 4401 1177 4462 inter
1199 4400 1312 4461 silvam
1333 4399 1487 4461 heredum

224 4527 280 4569 seu
304 4526 524 4570 successorum
549 4508 686 4570 condam
711 4507 859 4588 Zthanse,
883 4507 962 4569 olim
987 4507 1128 4568 concivis
1145 4506 1254 4584 nostri,
1272 4505 1488 4568 mediantibus

225 4614 419 4696 quibusdam
444 4614 621 4694 arboribus,
645 4614 794 4677 videlicet
825 4626 970 4676 castanee
994 4625 1025 4675 et
1048 4612 1199 4694 quercine
1230 4631 1322 4674 cruce
1357 4611 1488 4694 signatis

224 4733 255 4782 et
277 4739 337 4803 pro
361 4733 446 4781 meta
467 4719 583 4782 habitis
605 4740 623 4782 a
647 4719 899 4802 septemtrionali
924 4731 1022 4801 parte,
1048 4719 1088 4780 ab
1113 4718 1260 4780 orientali
1285 4737 1361 4779 vero
1385 4717 1487 4800 plagis

224 4825 275 4887 via
312 4825 504 4903 communia,
540 4825 580 4886 ab
616 4825 805 4888 occidentali
842 4824 935 4888 vallis
970 4838 1000 4886 et
1034 4823 1151 4886 fluvius
1185 4837 1330 4906 tempore
1365 4821 1486 4885 fluviali

225 4931 369 4993 defluens
392 4945 424 4992 et
446 4951 463 4992 a
488 4931 692 4994 meridionali
717 4932 809 4993 vinea
825 4929 980 4993 heredum
997 4949 1054 4992 seu
1070 4949 1288 4991 successorum
1313 4929 1485 5012 supradicti

225 5038 361 5100 condam
386 5037 520 5099 Fabiani
545 5037 649 5118 Milia,
667 5036 807 5100 habitam
825 5051 856 5100 et
872 5037 1069 5116 existentem,
1088 5036 1192 5119 ipsum
1209 5036 1329 5098 scilicet
1345 5033 1483 5097 condam
