3752 5806
1353 645 1644 652 --..—.--——--

825 541 898 601 Dec.
908 553 961 616 33.
980 573 1017 582 -
1037 541 1086 598 An
1110 549 1201 616 1505.

492 785 527 850 (Α
545 783 646 850 tergo-3.
672 766 887 830 Prudentibus
918 779 950 828 et
981 767 1220 850 circumspectis
1243 767 1341 848 judici
1366 780 1397 828 et
1417 765 1539 848 juratis,
1564 779 1644 828 cete-

379 875 489 956 risque
514 873 638 936 civibus
661 893 697 935 ac
726 873 785 935 toti
810 873 1032 935 communitati
1066 872 1200 934 civitatis
1224 885 1331 934 nostre
1356 872 1647 953 Montisgrecensis,

377 979 531 1042 lidelibus
554 977 669 1042 nostris
693 978 827 1042 dilectis.

484 1100 625 1168 originale
650 1102 676 1152 in
700 1102 798 1153 abana.
827 1101 847 1151 Α
871 1105 949 1166 tergo
973 1101 1131 1164 impressum
1155 1107 1197 1152 est
1225 1099 1341 1164 sigillata
1372 1103 1469 1153 maias.
1493 1097 1522 1152 la
1552 1101 1648 1152 archiv.

379 1189 441 1243 inal.
460 1189 552 1242 luced.
571 1189 669 1241 Sciant.
689 1187 793 1240 Slavor.
811 1189 907 1240 merld.

980 1419 1044 1486 83.

488 1577 563 1628 Anno
584 1575 658 1642 150⁵,
677 1575 719 1631 21.
737 1575 858 1642 januarii.
876 1575 1034 1643 Zagrabiae.

387 1705 493 1762 Coram
524 1706 721 1762 communitate
754 1706 882 1764 civs'taa's
916 1701 1048 1778 Marcus,
1080 1706 1208 1763 vacarius
1241 1707 1410 1771 moctensis,
1440 1724 1505 1762 cum
1534 1705 1650 1782 jacoba

384 1811 464 1870 Fla'ca
495 1811 528 1868 dc
555 1812 651 1890 legata
681 1829 701 1866 a
733 1811 930 1884 Margaretha
965 1811 1117 1870 mulceas
1142 1812 1314 1868 monasterio
1344 1812 1494 1870 remensi
1523 1811 1651 1884 ascnpto

924 1917 1092 1991 paciscitur.

494 2054 562 2115 Noa
585 2053 723 2116 Michael
743 2053 935 2138 Oprasnich,
951 2055 1026 2118 lvau
1049 2056 1166 2135 senior,
1184 2055 1349 2138 quondam
1372 2055 1478 2137 judex,
1495 2055 1651 2118 Valentelr

385 2174 417 2222 et
439 2159 601 2241 Georgius
624 2173 723 2240 sutor,
747 2161 832 2222 cives
856 2175 886 2222 et
918 2160 1010 2241 jurati
1036 2161 1171 2224 civitatis
1195 2163 1313 2224 montis
1335 2161 1517 2240 Grecensis,
1541 2163 1650 2224 arbitri

386 2280 417 2328 et
447 2267 679 2349 compositores
711 2267 792 2329 inter
821 2267 1040 2330 venerabilem
1070 2281 1194 2350 patrem
1225 2269 1381 2348 Marcum,
1409 2268 1565 2330 vicarium
1590 2267 1652 2330 lra-

385 2387 470 2435 trum
495 2373 733 2435 Heremitarum
758 2373 790 2434 in
814 2372 952 2436 claustro
979 2375 1070 2436 beate
1095 2375 1194 2436 Marie
1218 2374 1351 2456 virginis
1373 2375 1404 2436 in
1428 2377 1652 2458 promontorio

387 2477 586 2562 aagrabiensi
611 2478 801 2560 degencium
826 2479 866 2540 ab
890 2499 965 2559 una,
982 2493 1013 2542 et
1037 2479 1118 2542 inter
1143 2481 1297 2541 Jacobum
1318 2481 1468 2560 Nemecz,
1485 2482 1651 2563 quondam

386 2583 526 2666 judicem
550 2584 685 2646 civitatis
709 2583 829 2666 prefate
853 2585 972 2646 montis
1004 2583 1174 2647 Grecensis
1195 2598 1284 2668 parte
1307 2589 1348 2648 ab
1372 2586 1481 2666 altera,
1505 2588 1653 2650 uuaniter

386 2690 490 2768 electi,
514 2691 670 2752 memorie
694 2690 971 2772 commendamus,
989 2690 1077 2772 quod
1102 2691 1177 2754 licet
1200 2705 1304 2775 partes
1322 2692 1403 2754 inter
1419 2693 1548 2755 easdem
1565 2707 1653 2755 mota

388 2797 527 2877 quedam
551 2797 590 2858 lis
613 2793 724 2857 fuisset
748 2797 875 2858 racione
899 2797 1081 2858 testamenti
1105 2810 1136 2858 et
1159 2796 1258 2859 debiti
1283 2797 1404 2859 nobilis
1420 2797 1551 2860 domine
1569 2800 1653 2861 Mar·
1737 2829 1739 2832 ·

387 2901 528 2984 garethe,
552 2903 718 2983 quondam
750 2902 906 2964 consortis
939 2903 1058 2964 nobilis
1090 2903 1255 2965 Balthasar
1288 2904 1327 2965 de
1352 2903 1570 2984 Mikchovecz,
1594 2925 1654 2966 nos

387 3021 495 3070 tamen
527 3007 713 3070 earumdem
748 3008 892 3089 parcium
925 3027 962 3068 ex
994 3027 1150 3070 consensu
1182 3021 1213 3070 et
1236 3009 1400 3071 voluntate
1425 3029 1483 3091 pro
1507 3009 1652 3092 ipsorum

388 3114 531 3176 ulteriori
563 3133 640 3197 pace
673 3127 704 3175 et
736 3113 965 3194 tranquilitate,
989 3126 1085 3196 atque
1117 3114 1288 3176 concordia
1321 3113 1410 3178 lactis
1434 3115 1466 3176 in
1491 3116 1654 3198 premissis

388 3219 572 3283 arbitrando
609 3218 826 3280 conclusimus
861 3233 892 3280 et
921 3219 1205 3281 determinavimus
1240 3215 1373 3283 firmiter
1404 3221 1654 3302 observandum,

389 3325 476 3407 quod
501 3324 604 3386 dictus
623 3337 712 3406 pater
729 3324 864 3387 vicarius
885 3337 915 3386 et
931 3323 1041 3386 fratres
1057 3325 1171 3408 prefati
1189 3327 1374 3389 monasterii
1392 3326 1514 3409 prelato
1532 3327 1653 3390 lacobo

389 3433 539 3511 Nemecz,
567 3430 631 3492 suis
655 3430 771 3492 debitis
804 3443 835 3492 et
866 3431 1011 3513 expensis
1035 3431 1075 3492 ad
1101 3432 1303 3504 necessitates
1324 3431 1389 3512 jam
1414 3433 1497 3495 dicte
1521 3433 1654 3496 domine

391 3535 589 3619 Margarethe
614 3535 715 3617 lactis,
743 3536 916 3599 duodecim
940 3536 1080 3599 florenos
1104 3515 1285 3621 persolveie
1309 3538 1446 3601 debeant
1470 3560 1567 3621 quam
1592 3541 1655 3602 cito

389 3644 570 3706 dominium
595 3643 804 3726 possessionis
828 3663 884 3706 seu
908 3643 984 3704 ville
1009 3643 1151 3705 Marincz
1174 3657 1286 3706 vocate
1310 3644 1343 3705 in
1366 3645 1521 3708 comitatu
1545 3667 1654 3729 zagra-

389 3750 491 3812 biensi
515 3749 634 3831 habite,
658 3750 830 3829 existentis,
853 3750 1068 3827 obtinuerint;
1097 3751 1140 3812 ita
1162 3764 1281 3826 tamen,
1309 3751 1399 3832 quod
1424 3752 1492 3834 ipse
1516 3753 1655 3815 lacobus

389 3857 528 3919 Nemecz
552 3857 672 3917 litteras
695 3869 726 3917 et
750 3855 830 3937 jura,
854 3873 917 3937 que
940 3855 1027 3937 apud
1050 3875 1083 3917 se
1107 3856 1214 3936 habet,
1238 3857 1279 3918 ad
1302 3857 1481 3939 predictam
1503 3859 1654 3940 possessi-

388 3981 485 4025 onem
510 3962 715 4044 pertinencia,
732 3961 838 4024 eidem
862 3962 981 4024 vicario
1006 3982 1062 4024 seu
1085 3961 1234 4026 fratribus
1249 3963 1401 4046 predictis
1416 3963 1563 4046 plenarie
1579 3983 1655 4026 mox

389 4068 523 4150 receptis
545 4068 756 4150 presentibus,
776 4067 941 4129 extradere
964 4080 1120 4148 teneatur,
1137 4069 1255 4150 quibus
1276 4068 1493 4132 mediantibus
1514 4069 1655 4153 prefatus

389 4187 478 4256 pater
501 4173 637 4235 vicarius
668 4189 829 4236 unacum
863 4171 1011 4236 fratribus
1038 4175 1102 4236 suis
1133 4175 1165 4236 in
1190 4174 1253 4256 jam
1285 4175 1369 4238 dicta
1392 4177 1593 4258 possessione
1621 4197 1655 4240 se

389 4279 470 4340 tueri
494 4291 526 4340 et
548 4279 666 4341 muniri
691 4292 722 4341 et
745 4279 846 4342 eciam
870 4280 991 4341 dictum
1016 4281 1171 4343 iacobum
1192 4281 1332 4342 Nemecz
1356 4284 1396 4344 ab
1419 4283 1571 4345 omnibus
1594 4284 1654 4344 im-

390 4385 580 4467 petitoribus
603 4385 906 4448 valeat‘delensare.
932 4385 1004 4448 Hoc
1027 4387 1127 4448 eciam
1151 4385 1286 4468 adjecto,
1305 4388 1394 4469 quod
1410 4388 1436 4450 si
1449 4388 1552 4450 dictus
1567 4401 1656 4472 pater

390 4490 527 4552 vicarius
543 4504 574 4553 et
591 4489 701 4553 fratres
717 4490 830 4574 prefati
847 4493 1033 4554 monasterii
1047 4511 1148 4574 usque
1165 4491 1281 4555 festum
1294 4515 1318 4556 s.
1333 4493 1499 4556 Michaelis
1509 4495 1655 4578 proxime

390 4609 572 4677 venturum,
595 4597 778 4659 dominium
809 4598 950 4681 predicte
982 4599 1191 4681 possessionis
1216 4599 1358 4662 Marincz
1391 4619 1455 4663 una
1487 4621 1559 4663 curn
1590 4601 1656 4663 suis

390 4702 595 4784 pertinenciis
617 4704 762 4765 obtinere
787 4723 853 4766 non
876 4717 1037 4788 poterunt,
1055 4717 1169 4767 extunc
1190 4705 1222 4766 in
1247 4705 1333 4768 dicto
1351 4705 1432 4769 lesto
1449 4727 1473 4770 s.
1491 4707 1657 4770 Michaelis

390 4806 514 4889 prefato
537 4809 657 4870 Jacobo
679 4809 818 4871 Nemecz
843 4810 911 4891 jura
935 4811 1044 4872 omnia
1067 4811 1112 4872 eis
1134 4811 1249 4872 tradita
1274 4813 1441 4875 restituere
1466 4812 1602 4875 debeant
1626 4827 1657 4875 et

391 4912 432 4974 ad
456 4912 655 4976 solucionem
680 4914 853 4978 duodecim
877 4915 1072 4978 florenorum
1097 4917 1230 4980 minime
1253 4929 1432 4982 teneantur.
1455 4918 1655 4982 Presentium

391 5019 557 5080 literarum
588 5011 767 5082 nostrarum
800 5023 986 5084 testimonio
1017 5023 1189 5102 mediante,
1215 5041 1294 5106 quas
1322 5024 1436 5106 sigillis
1459 5024 1534 5087 dicti
1558 5027 1658 5108 patris
