3752 5806
630 561 702 621 Dec·
715 578 773 642 34-
795 597 831 608 -
851 565 908 624 An·
926 572 1002 637 not
1410 577 1448 644 33

179 785 293 848 vicarii
321 807 359 848 ac
384 788 552 851 Michaelis
575 787 753 870 Oprasnich
784 802 815 850 et
839 789 925 870 lvan,
949 792 1111 852 seniorum
1144 790 1281 853 condam
1307 790 1450 870 judicum

180 906 291 954 nostre
316 893 454 956 civitatis
477 893 612 956 fecimus
642 896 846 958 communiri.
872 896 990 957 Datum
1022 897 1055 958 in
1079 895 1205 957 civitate
1229 897 1348 957 montis
1372 894 1450 957 Gre-

181 1000 288 1060 censis
320 1000 353 1060 in
387 999 468 1062 festo
499 1015 606 1062 sancte
638 1003 773 1083 Agnetis
804 1003 937 1084 virginis
972 1017 1003 1065 et
1034 1003 1182 1066 martiris.
1216 1007 1312 1065 Anno
1341 1002 1452 1064 salutis

181 1105 360 1168 millesimo
385 1107 645 1188 quingentesimo
669 1110 791 1190 quinto.

292 1262 400 1316 Summa
420 1262 545 1330 privileg.
564 1270 707 1318 monaster.
728 1265 923 1332 Remetbensis,
943 1271 971 1317 ut
991 1281 1079 1332 supra.

785 1587 849 1653 34.

290 1758 367 1810 Anno
392 1759 467 1824 150⁵,
488 1759 530 1812 29.
547 1761 670 1827 januarii.
689 1761 847 1828 Zagrabiae.

189 1901 392 1960 Commum'tas
413 1905 538 1964 civetatis
561 1915 685 1965 testatur
702 1908 860 1966 Mcolaum
876 1907 1044 1966 Simonooil
1057 1907 1302 1982 praebendariam
1319 1905 1455 1963 Martiae

275 2008 390 2066 Radlr'n
413 2012 472 2068 civi
491 2031 594 2085 agr-um
617 2031 701 2070 suum
724 2014 951 2074 haereditariam
969 2025 993 2090 5
1009 2013 1082 2088 flor.
1106 2014 1177 2070 auri
1197 2009 1366 2070 vendidisse.

293 2165 363 2225 Nos
398 2167 564 2230 Emericus
603 2168 797 2252 Mykulych,
832 2168 916 2230 filius
952 2168 1127 2246 Demetrii,
1166 2167 1272 2250 judex,
1307 2167 1455 2245 lacobus,

184 2269 338 2349 Michael,
363 2269 533 2356 Georgius,
558 2275 706 2354 Michael,
730 2276 851 2356 Petrus,
872 2277 1044 2356 Fabianus,
1066 2275 1230 2338 Emericus
1248 2287 1278 2336 et
1296 2271 1456 2355 Georgius

185 2375 282 2456 jurati
300 2392 333 2439 et
351 2380 525 2442 consiliarii
541 2401 577 2442 ac
594 2381 731 2444 universi
751 2381 835 2443 cives
852 2382 987 2444 civitatis
998 2381 1287 2463 Montisgrecensis.
1302 2378 1456 2441 Memoris

185 2484 456 2547 commendamus
486 2500 597 2550 tenore
627 2471 829 2571 presencium
856 2487 1070 2570 significantes
1093 2487 1210 2568 quibus
1234 2485 1362 2568 expedit
1386 2485 1456 2546 uni·

185 2590 298 2668 versis,
331 2591 418 2672 quod
450 2592 604 2656 discretus
627 2594 674 2656 vir
706 2594 857 2656 dominus
888 2595 1041 2656 Nicolaus
1065 2591 1295 2675 Simonowych
1321 2593 1457 2674 preben-

187 2695 299 2756 darius
330 2695 418 2757 chori
451 2699 583 2761 ecclesie
615 2700 830 2781 zagrabiensis
862 2700 960 2761 vitam
992 2699 1095 2761 adbuc
1126 2717 1217 2759 suam
1245 2697 1456 2780 temporalem

188 2800 343 2880 duxisset,
356 2816 471 2865 extunc
488 2804 556 2886 ipse
573 2805 727 2886 quasdam
751 2819 850 2867 terras
872 2807 905 2868 in
922 2803 1128 2887 Chirquisthe
1145 2803 1178 2865 in
1194 2803 1354 2866 territorio
1371 2803 1455 2864 dicte

188 2906 328 2968 civitatis
344 2909 427 2970 inter
441 2922 540 2972 terras
556 2930 574 2972 a
589 2890 841 2994 septemtrionali
859 2925 947 2994 parte
965 2909 1163 2974 honorabilis
1180 2909 1318 2971 condam
1336 2908 1456 2970 Mathis

188 3011 322 3094 plebani
355 3013 395 3075 de
419 3016 655 3098 Kranisopolye
687 3029 718 3078 et
750 3017 891 3080 concivis
922 3018 1020 3078 nostri
1053 3031 1083 3078 et
1113 3017 1152 3077 ab
1185 3015 1332 3078 orientali
1355 3015 1458 3098 plagis

189 3120 324 3201 antiqua
349 3121 400 3182 via
424 3123 587 3184 communi
612 3124 676 3185 iam
700 3124 791 3206 quasi
815 3124 848 3184 in
871 3123 985 3185 silvam
1010 3123 1135 3186 redacta
1161 3135 1192 3184 et
1215 3142 1232 3183 a
1254 3121 1458 3183 meridionali

190 3225 242 3286 via
274 3227 501 3307 communalis,
526 3241 558 3290 et
588 3230 628 3290 ab
660 3229 849 3291 occidentali
881 3229 1025 3312 partibus
1051 3241 1132 3290 terre
1156 3227 1307 3290 errabiles
1330 3227 1459 3290 Martini

193 3330 326 3411 Radlin,
350 3334 435 3412 sitas,
459 3331 583 3396 habitas
607 3349 637 3398 et
660 3336 839 3414 existentes,
862 3356 916 3398 sex
940 3335 1041 3396 dietas
1064 3347 1146 3396 tetre
1178 3334 1230 3396 vel
1262 3333 1345 3394 ultra
1369 3333 1402 3395 in
1427 3353 1460 3394 se

193 3438 406 3518 continentes,
423 3440 527 3522 ipsum
552 3441 672 3503 scilicet
695 3442 864 3504 dominum
885 3441 1055 3503 Nicolaum
1078 3441 1146 3522 jure
1170 3439 1361 3502 hereditario
1386 3459 1461 3500 con-

193 3558 372 3624 cernentes,
389 3546 485 3608 simul
501 3565 575 3608 cum
591 3548 743 3610 omnibus
759 3547 858 3629 ipsius
873 3561 955 3608 terre
972 3547 1174 3624 utilitatibus,
1191 3545 1323 3627 juribus,
1341 3545 1461 3622 usibus,

194 3649 432 3731 integritatibus
463 3665 493 3714 et
526 3654 731 3735 pertinenciis
762 3654 918 3715 universis
954 3653 1184 3734 circumspecto
1216 3652 1285 3714 viro
1317 3651 1461 3734 predicto

195 3755 337 3817 Martino
361 3759 484 3837 sartori,
506 3759 632 3842 Radlyn
657 3759 754 3839 dicte,
771 3759 896 3820 concivi
920 3771 1029 3820 nostro
1053 3777 1088 3820 ac
1113 3777 1169 3840 per
1193 3777 1267 3818 eum
1291 3757 1462 3819 herodibus

193 3862 259 3922 suis
283 3862 441 3924 universis
463 3883 522 3945 pro
546 3865 689 3946 quinque
712 3864 842 3926 florenis
865 3864 945 3944 auri,
968 3865 1008 3925 ab
1025 3863 1151 3943 eodem,
1168 3863 1214 3925 uti
1231 3863 1324 3924 nobis
1341 3863 1462 3941 retulit,

194 3968 285 4049 prius
318 3969 414 4050 plene
450 3969 572 4049 levatis,
606 3969 721 4032 habitis
752 3983 783 4031 et
815 3969 960 4052 receptis,
991 3969 1195 4047 vendidisset,
1220 3967 1402 4030 tradidisset
1432 3981 1463 4029 et

195 4075 418 4159 inscripsisset,
442 4076 543 4138 immo
566 4076 721 4156 vendidit,
753 4076 884 4138 tradidit
907 4089 938 4138 et
962 4075 1120 4158 inscripsit
1144 4094 1252 4136 coram
1276 4074 1369 4136 nobis
1394 4073 1462 4155 jure

195 4194 355 4262 perpetuo
379 4193 410 4242 et
433 4182 682 4244 irrevocabiliter
704 4183 869 4261 tenendas,
885 4181 1104 4264 possidendas,
1121 4181 1238 4263 pariter
1254 4193 1285 4242 et
1301 4179 1464 4241 habendas

197 4306 233 4347 ac
260 4287 350 4369 juxta
381 4287 606 4350 condicionem
638 4288 774 4350 civitatis
804 4301 969 4370 prenotate
1002 4289 1042 4349 ab
1066 4287 1199 4368 antiquo
1223 4285 1464 4368 privilegialiter

197 4393 412 4474 approbatam
443 4413 648 4475 quocumque
680 4394 818 4456 voluerit
845 4393 1071 4476 disponendas.
1100 4393 1134 4454 ln
1158 4391 1248 4453 cuius
1272 4392 1317 4453 rei
1341 4409 1464 4454 memo·

197 4498 290 4577 riam,
304 4498 553 4580 firmitatemque
577 4513 766 4582 perpetuam
789 4513 950 4582 presentes
971 4499 1091 4560 litteras
1109 4511 1233 4559 nostras
1249 4496 1464 4579 privilegiales

197 4605 307 4686 sigillo
332 4617 442 4667 nostro
475 4607 639 4668 communi
663 4605 847 4667 authentico
871 4607 1036 4667 roboratas
1059 4603 1209 4664 duximus
1232 4603 1464 4665 concedendas.

199 4711 319 4773 Datum
345 4711 423 4775 seria
456 4725 568 4793 quarta
589 4713 734 4794 proxima
766 4724 837 4792 post
860 4709 975 4773 festum
1008 4709 1225 4772 conversionis
1248 4709 1347 4770 sancti
1374 4709 1463 4770 Pauli

199 4819 350 4899 apostoli.
374 4822 472 4880 Anno
497 4819 622 4880 domini
643 4817 816 4880 millesimo
842 4815 1100 4899 quingentesimo
1125 4815 1249 4896 quinto.

310 4975 451 5041 Originale
471 4977 496 5026 in
516 4978 674 5038 membrana,
695 4993 710 5027 a
729 4980 806 5040 tergo
827 4975 967 5040 vestigium
987 4974 1110 5037 impressi
1130 4971 1219 5038 sigilli.
1239 4969 1267 5023 ln
1287 4972 1383 5024 archiv.
1407 4972 1466 5023 incl.

199 5067 291 5118 Acced.
313 5065 417 5117 Scient.
439 5063 540 5116 Stavor.
560 5064 649 5116 nerid.

1343 5170 1357 5231 3
