3808 5792
664 529 738 588 Doc.
764 543 831 606 141.
857 561 900 572 -
924 529 979 590 An.
1003 540 1088 606 1517.
1449 549 1506 613 ¹79

246 633 507 640 ..—

241 755 364 835 galium
399 755 685 837 qualiumcumque
721 776 777 838 per
801 775 856 818 eos
880 757 912 818 in
937 756 1082 818 medium
1107 755 1323 818 universitatis
1347 758 1507 819 nobilium

242 862 332 942 regni
356 863 456 922 nostri
482 862 654 924 Sclauonie
677 862 758 924 solvi
784 862 1004 924 debendarunr
1029 863 1167 944 exempti
1190 863 1253 924 sint
1276 876 1306 924 et
1330 865 1506 946 supportati

243 966 431 1046 habeantur,
456 967 499 1046 id,
524 967 612 1050 quod
636 989 674 1029 ex
698 967 811 1029 litteris
847 969 947 1030 eciam
981 969 1157 1030 eorundem
1190 989 1302 1050 regum
1336 971 1508 1052 superinde

244 1072 405 1152 conlectis,
430 1087 461 1135 et
484 1093 541 1156 per
565 1074 651 1156 ipsos
675 1074 760 1136 cives
784 1087 909 1136 nostros
933 1095 1041 1137 coram
1073 1075 1167 1136 nobis
1191 1075 1365 1157 productis,
1393 1076 1508 1137 clarius

244 1179 385 1241 vidimus
421 1180 589 1242 contineri.
626 1180 834 1262 Quaquidem
860 1181 1005 1242 libertate
1038 1181 1111 1242 licet
1143 1181 1227 1242 cives
1252 1182 1310 1263 ipsi
1344 1181 1510 1263 hucusque

243 1285 373 1368 pacifice
397 1287 445 1348 usi
471 1285 588 1348 fuerint
611 1301 642 1348 et
665 1287 777 1368 gavisi,
801 1301 910 1349 tamen
936 1307 1021 1348 nunc
1053 1287 1210 1349 dicatores
1242 1289 1341 1350 nostri
1375 1288 1407 1349 in
1439 1288 1509 1370 ipso

243 1412 343 1474 regno
367 1405 476 1454 nostro
501 1393 673 1455 Sclauonie
690 1393 851 1472 consituti,
869 1393 953 1454 cives
970 1394 1055 1476 ipsos
1072 1393 1112 1454 ad
1129 1393 1315 1456 huiusmodi
1332 1393 1508 1455 indebitam

243 1511 387 1560 taxarum
411 1498 611 1560 solucionem
634 1511 743 1560 contra
767 1499 954 1580 premissam
979 1499 1157 1560 eorundem
1181 1499 1300 1561 civium
1329 1499 1508 1561 libertatem

244 1619 274 1665 et
298 1605 541 1687 exempcionem
566 1623 679 1686 cogere
705 1617 735 1665 et
759 1605 954 1685 compellere
978 1605 1116 1682 vellent;
1141 1605 1295 1687 quoniam
1319 1618 1427 1667 autem
1451 1625 1510 1666 nos

244 1713 378 1773 omnino
403 1712 554 1773 volumus
577 1711 738 1774 civitatem
754 1712 856 1794 ipsam
870 1725 1012 1774 nostram
1029 1732 1065 1773 ac
1079 1712 1163 1774 cives
1180 1725 1210 1774 et
1227 1712 1348 1773 incolas
1364 1711 1509 1774 eiusdem

244 1819 275 1878 in
300 1837 413 1878 eorum
436 1817 636 1879 libertatibus
659 1817 769 1879 illesos
793 1837 992 1896 conservare,
1015 1819 1057 1879 ob
1074 1817 1135 1879 hoc
1152 1837 1212 1880 nos
1228 1837 1359 1900 quoque
1376 1817 1508 1880 eosdem

245 1923 284 1983 de
307 1943 393 1985 novo
417 1923 605 1985 eximendos
629 1937 659 1984 et
683 1923 921 2005 supportandos
953 1924 987 1984 in
1011 1922 1069 1986 hac
1093 1937 1181 2006 parte
1215 1923 1365 1985 duximus
1394 1923 1510 2002 taliter,

245 2042 279 2091 ut
302 2030 327 2091 si
352 2029 451 2091 iidem
475 2009 630 2091 secudum
651 2029 839 2110 premissam
865 2029 1045 2090 libertatem
1070 2043 1101 2090 et
1125 2029 1369 2112 exempcionenr
1398 2048 1509 2092 eorum

245 2137 422 2217 antiquam,
447 2137 525 2198 alias
549 2153 692 2217 quoqne,
716 2147 751 2195 ut
766 2135 958 2216 premissum
976 2149 1032 2214 est,
1049 2135 1089 2196 ad
1107 2137 1307 2198 solucionem
1325 2135 1510 2198 huiusmodi
1530 2203 1533 2208 ¹

245 2256 388 2304 taxarum
425 2262 481 2303 seu
514 2241 794 2305 contribucionum
826 2242 858 2302 in
890 2241 1035 2303 medium
1067 2241 1243 2304 eorundem
1275 2241 1511 2323 regnicolarum

245 2363 427 2410 nostrorum
451 2347 552 2410 coacti
576 2367 642 2409 nort
659 2346 788 2426 fuerint,
805 2367 910 2429 neque
928 2348 967 2410 de
985 2361 1091 2410 cetero
1108 2349 1293 2410 successivis
1310 2348 1511 2430 temporibus

245 2474 301 2536 per
325 2455 512 2536 quempiam
536 2454 607 2534 cogi
633 2473 689 2516 seu
713 2454 866 2535 compelli
889 2453 1025 2536 possint,
1049 2455 1149 2515 immo
1174 2454 1345 2516 eximimus
1377 2468 1408 2515 et
1437 2473 1510 2535 sup-

246 2574 411 2642 portamus
433 2559 635 2641 presencium
658 2578 714 2640 per
737 2558 893 2640 vigorem.
920 2559 1080 2632 Quocirca
1104 2559 1197 2620 vobis
1220 2557 1371 2622 fidelibus
1395 2559 1511 2621 nostris

247 2665 421 2727 reverendo
446 2665 478 2726 in
503 2663 631 2727 Christo
656 2664 736 2746 patri
762 2664 896 2726 domino
921 2665 1017 2726 Petro
1042 2665 1178 2748 Beryzlo
1202 2665 1354 2748 episcopo
1379 2665 1512 2728 ecclesie

247 2771 493 2854 wesprimiensis
516 2791 552 2832 ac
576 2789 749 2851 regnorum
781 2784 965 2832 nostrorum
989 2770 1165 2849 Dalmacie‚
1196 2770 1331 2834 Croacie
1363 2785 1394 2834 et
1424 2771 1512 2833 Scla-

246 2878 343 2940 uonie
366 2878 450 2938 bano
474 2876 642 2956 moderno,
667 2875 847 2958 futurisque
871 2877 962 2939 banis
985 2877 1163 2938 eorundem
1187 2897 1359 2959 regnorum
1387 2891 1512 2940 nostro-

246 3003 328 3062 rum,
352 3002 479 3045 necnon
503 2983 679 3044 venerabili
704 2982 805 3044 Paulo
829 2983 992 3064 preposito
1016 2983 1116 3044 sancti
1141 2983 1340 3065 Sigismundi
1364 2985 1511 3046 similiter

246 3089 403 3152 moderno
428 3109 463 3150 ac
487 3087 602 3150 futuris
625 3089 726 3149 eciam
750 3087 957 3150 tbezaurariis
982 3089 1108 3168 nostris,
1140 3103 1283 3170 preterea
1316 3090 1512 3152 dicatoribus

235 3209 278 3258 'et
300 3195 501 3257 exactoribus
524 3213 803 3276 quarumcumque
826 3207 971 3255 taxarunt
995 3213 1051 3255 seu
1085 3194 1365 3257 contributionum
1389 3209 1512 3258 nostra·

246 3321 316 3363 rum
328 3301 564 3362 ordinatiarum
577 3313 608 3361 et
621 3300 943 3362 extraordinariorum
957 3300 1086 3362 indicto
1099 3319 1199 3382 regno
1214 3313 1323 3364 nostro
1338 3301 1511 3364 Sclauonie

247 3428 332 3470 nunc
357 3407 536 3469 constitutis
557 3419 589 3467 et
613 3405 646 3466 in
671 3404 814 3468 futurum
850 3406 1082 3469 constituendis
1112 3421 1275 3489 presentes
1308 3423 1431 3470 nostras
1466 3409 1511 3470 vi-

247 3516 339 3592 suris,
365 3514 478 3575 harum
502 3513 582 3574 serie
607 3511 790 3574 firmissime
816 3513 1047 3575 committimus
1071 3527 1102 3574 et
1124 3514 1325 3594 mandamus,
1355 3527 1513 3596 quatenus

247 3620 385 3703 acceptis
407 3603 706 3702 presentis'amodo
731 3617 871 3700 prefatos
895 3619 980 3680 cives
1011 3633 1042 3681 et
1066 3619 1295 3681 inhabitatores
1330 3619 1412 3681 dicte
1437 3620 1513 3682 civi-

247 3727 319 3788 tatis
355 3739 463 3787 nostre
499 3725 781 3806 Montisgrecensis
818 3724 858 3786 ad
895 3725 1083 3806 premissam
1119 3725 1321 3786 solucionem
1356 3726 1513 3788 dictarum

248 3847 392 3894 taxarum
417 3851 474 3893 seu
497 3851 774 3913 quarumcumque
799 3831 935 3892 aliarum
967 3831 1247 3892 contributionum
1278 3845 1457 3894 nostrarum
1484 3845 1515 3894 et

249 3939 337 4021 regni
362 3939 452 3999 istius
475 3938 575 3999 nostri
601 3937 772 3999 Sclauonie
797 3937 829 3998 in
854 3937 997 3998 medium
1030 3937 1266 4018 regnicolarum
1288 3938 1432 4020 ipsorum
1456 3957 1513 4000 tto·

249 4059 385 4107 strorum
410 4044 600 4123 fiendarum,
624 4057 734 4105 contra
757 4045 944 4126 premissam
969 4063 1082 4106 eorum
1115 4043 1294 4106 libertatern
1318 4057 1348 4106 et
1372 4057 1513 4107 nostram

249 4171 366 4212 novam
390 4151 568 4232 graciosam
592 4151 833 4232 exempcionem
860 4170 974 4232 cogere
998 4164 1029 4212 et
1060 4150 1265 4232 compellere,
1297 4151 1433 4232 cogique
1458 4171 1514 4212 seu

250 4257 401 4339 compelli
426 4257 529 4319 lacere
553 4277 713 4338 nusquam
735 4270 766 4317 et
789 4276 994 4339 nequaquam
1019 4257 1254 4339 presummatis,
1279 4275 1336 4318 nec
1361 4257 1427 4317 sitis
1443 4257 1513 4319 ausi
1586 4307 1592 4322 .

250 4363 348 4424 modo
384 4362 528 4444 aliquali.
564 4363 769 4424 Presentibus
807 4363 965 4444 perlectis,
999 4361 1160 4424 exhibenti
1198 4362 1359 4424 restitutis.
1396 4362 1514 4423 Datum

252 4467 339 4530 Bude
364 4468 416 4528 die
439 4468 603 4530 dominico
627 4469 774 4551 proximo
799 4483 871 4529 ante
896 4467 1011 4529 festum
1035 4483 1142 4529 sancte
1160 4481 1198 4529 -et
1223 4467 1390 4528 individue
1406 4467 1514 4528 Trini-

249 4576 331 4637 tatis.
356 4579 453 4636 Anno
478 4575 601 4636 domini
625 4575 799 4636 millesimo
824 4575 1083 4656 quingentesimo
1110 4575 1247 4656 septimo
1271 4573 1408 4635 decimo.
1432 4575 1514 4654 Reg-

251 4700 364 4742 norum
390 4695 573 4742 nostrorum
597 4681 815 4763 predictorum
840 4695 899 4743 etc.
923 4700 1008 4742 anno
1032 4680 1185 4742 secundo.

355 4821 492 4886 originale
512 4822 537 4872 ln
557 4821 655 4876 charta.
674 4821 701 4872 ln
721 4821 840 4886 margine
859 4820 978 4871 inferiori
1000 4821 1157 4884 impressum
1172 4823 1213 4870 est
1232 4819 1358 4884 sigillum.
1377 4817 1403 4868 ln
1417 4817 1515 4870 archiv.

250 4910 294 4962 lib.
314 4925 370 4974 reg.
390 4910 462 4962 civit.
482 4911 589 4975 zagrab.
