3732 5802
616 553 690 610 Doc.
716 549 787 614 126.
816 586 858 594 -
883 551 938 610 An.
965 547 1051 626 1516.
1413 567 1468 626 ¹55

201 795 330 861 stanter,
353 781 535 860 instancius,
552 780 779 842 instantissime
796 799 814 840 a
830 779 922 840 vobis
948 779 986 841 R.
1016 778 1055 840 D.
1081 779 1161 842 meis
1186 777 1326 860 capitulo
1352 776 1473 838 scilicet

203 889 299 951 buius
323 888 407 950 alme
441 887 574 948 ecclesie
598 886 678 947 mihi
713 885 789 947 dare
826 884 877 946 vel
897 885 1048 946 similiter
1083 898 1155 946 ate
1180 884 1306 946 notario
1342 882 1474 965 publico

203 995 324 1057 litteras
345 991 587 1070 testimoniales,
612 991 729 1074 quibus
752 989 969 1052 mediantibus
993 1009 1045 1052 me
1070 1009 1176 1052 coram
1215 1010 1271 1051 sua
1295 990 1335 1052 R.
1361 988 1401 1051 D.
1426 1009 1474 1050 re·

203 1115 385 1184 presentare
408 1112 439 1161 et
462 1099 617 1180 legittime
641 1117 836 1180 comparere,
853 1096 1177 1179 appellacionemque
1195 1095 1382 1158 huiusmodi
1402 1113 1475 1176 pro·

203 1207 294 1288 sequi
328 1225 456 1288 possem
491 1219 577 1287 peto,
601 1205 825 1286 subiciensque
849 1223 901 1265 me
932 1203 1038 1284 ipsum
1063 1215 1093 1264 et
1118 1202 1284 1264 ecclesiam
1320 1200 1474 1284 prefatam

204 1333 241 1376 ac
272 1313 420 1374 universa
444 1313 529 1374 bona
554 1331 625 1372 mea
644 1323 675 1372 et
692 1309 823 1372 ecclesie
841 1329 912 1371 mee
928 1308 1069 1391 predicte
1087 1308 1220 1370 tuicioni
1237 1322 1269 1370 et
1285 1307 1475 1390 protectioni
1495 1335 1500 1343 ·

205 1432 237 1482 et
260 1417 440 1481 defensioni
472 1409 548 1480 di'cti
574 1417 700 1479 domini
724 1417 820 1498 legati
845 1428 876 1476 et
898 1414 1079 1498 specialiter
1095 1426 1251 1497 protestor
1264 1413 1353 1496 quod
1366 1413 1474 1474 huius·

205 1525 296 1588 modi
319 1544 425 1587 meam
448 1523 704 1606 appellacionem
722 1521 872 1604 prosequi
890 1521 966 1582 volo
983 1534 1015 1582 et
1031 1540 1160 1582 causam
1176 1520 1324 1582 intimare
1342 1531 1466 1602 ternpo-

205 1633 294 1694 ribus
317 1632 466 1712 congruis
489 1644 520 1692 et
543 1631 623 1692 locis
656 1614 856 1712 opportunis,
881 1629 970 1690 salvo
1003 1627 1071 1709 jure
1107 1627 1258 1706 addendi,
1293 1625 1472 1708 corrigendi

125 1809 126 1812 Ἴ
207 1755 266 1802 etc.
291 1751 386 1822 prout
410 1751 457 1800 est
481 1738 568 1816 iuris,
593 1737 692 1798 moris
715 1749 746 1798 et
769 1735 846 1797 stili.

313 1860 450 1927 originale
469 1861 495 1912 in
516 1862 613 1919 charta.
634 1861 660 1911 in
680 1859 778 1912 archiv.
798 1859 891 1910 bonor.
912 1857 1011 1922 colleg.
1030 1855 1209 1908 Praebendar.

804 2141 886 2208 126.

316 2270 393 2321 Anno
416 2269 491 2321 1516.
511 2269 553 2321 23.
569 2267 644 2334 junii.
665 2268 763 2321 Budse.

211 2380 382 2449 ludovicus,
417 2380 594 2452 Hungarrae
628 2385 676 2440 etc.
712 2397 774 2452 rex,
803 2375 1057 2434 tricesimatoribus
1091 2375 1215 2432 civae'talr's
1245 2373 1366 2446 angrab.
1392 2381 1478 2442 octat,

209 2487 343 2544 necabar
365 2491 394 2544 ct
418 2486 590 2562 jebagrenes
613 2486 758 2543 tricesima
789 2482 932 2556 exagenda
971 2489 1074 2542 contra
1105 2499 1209 2538 morem
1241 2480 1478 2537 corzsueludinem-

746 2608 801 2664 que
823 2598 952 2650 onerent.

317 2713 503 2776 Lodouicus
527 2711 579 2773 dei
603 2713 709 2794 grecia
732 2732 786 2774 rex
811 2711 977 2792 Hungarie
1002 2723 1033 2772 et
1058 2709 1212 2772 ssohemie
1235 2720 1293 2770 etc.
1313 2707 1479 2768 Fidelibus

212 2820 328 2884 nostris
350 2818 633 2882 tricesimatoribus
657 2817 793 2880 civitatis
816 2831 922 2878 nostre
948 2817 1066 2878 montis
1091 2803 1270 2877 Grecensis
1283 2813 1418 2874 salutem
1448 2826 1479 2874 et

211 2927 357 3008 gratiam.
383 2924 572 3008 Expositum
590 2938 636 2986 est
653 2923 809 2986 Maiestati
828 2937 934 2984 nostre
951 2943 1009 3005 pro
1026 2934 1115 3005 parte
1134 2921 1278 2982 fidelium
1295 2933 1478 2981 nostrorum

211 3031 411 3094 honorabilis
435 3030 566 3112 capituli
592 3030 724 3091 ecclesie
748 3030 963 3110 zagrabiensis
988 3028 1077 3109 gravi
1094 3047 1168 3090 cum
1185 3026 1325 3108 querela,
1344 3026 1480 3107 qualiter

212 3159 269 3200 vos
294 3137 430 3199 colonos
454 3150 484 3198 et
507 3135 696 3218 jobagiones
732 3135 875 3218 ipsorum
911 3134 1146 3216 exponencium
1182 3131 1426 3213 negociaciones
1449 3145 1481 3194 et

213 3263 306 3306 usum
331 3243 510 3305 mercancie
535 3241 698 3321 facientes,
722 3255 787 3304 tem
812 3241 844 3303 in
861 3261 934 3303 area
946 3241 1068 3302 scilicet
1085 3239 1252 3322 capitulari
1270 3237 1479 3320 zagrabiensi,

214 3370 311 3432 quam
335 3349 414 3412 alias
438 3348 573 3411 ubilibet
596 3349 629 3410 in
653 3348 908 3430 possessionibus
936 3347 1114 3410 eorundem
1137 3345 1310 3407 residentes
1326 3365 1362 3405 ac
1379 3343 1479 3406 eciam

213 3457 294 3518 alios
317 3454 357 3518 ad
383 3455 468 3516 idem
494 3454 670 3536 capitulum
694 3454 850 3516 mercium
874 3473 1003 3516 suarum
1029 3451 1304 3514 emendendarum
1330 3449 1380 3511 vel
1403 3450 1481 3512 alias
1548 3507 1550 3510 .

214 3561 335 3624 ibidem
360 3560 622 3622 collocandarum
646 3580 740 3622 causa
764 3560 967 3639 divertentes,
991 3558 1185 3621 inconsvetis
1221 3556 1415 3640 quibusdam
1450 3569 1481 3617 et
1532 3617 1534 3620 .

216 3665 436 3730 immoderatis
458 3665 689 3728 tricesimarum
715 3666 939 3728 exaccionibus
963 3664 1179 3727 diversimode
1203 3663 1387 3742 oneraretis,
1411 3681 1480 3723 mo-

215 3772 370 3835 lestaretis
394 3785 425 3833 et
447 3772 683 3853 perturbaretis,
708 3771 800 3834 aliter
824 3772 920 3853 longe
945 3772 984 3833 ab
1002 3771 1124 3832 eisdem
1141 3784 1172 3831 et
1188 3769 1366 3847 onerosius,
1383 3788 1479 3849 quam

215 3881 253 3942 ab
278 3879 351 3940 aliis
374 3878 605 3940 mercatoribus
628 3891 659 3950 et
682 3879 848 3960 presertim
873 3878 996 3939 civibus
1019 3890 1050 3938 et
1067 3877 1181 3938 incolis
1198 3874 1318 3958 prefate
1343 3874 1479 3936 civitatis

216 3999 322 4047 nostre
347 3984 465 4046 montis
489 3983 658 4046 Grecensis
688 3985 863 4046 tricesimas
897 3983 1081 4046 huiusmodi
1118 3982 1276 4065 exigendo
1314 3994 1344 4044 et
1379 3993 1480 4042 extor-

217 4091 348 4173 quendo
381 4090 414 4151 in
442 4091 619 4151 eorundem
655 4091 888 4172 exponencium
923 4090 1137 4174 preiudicium
1172 4101 1203 4152 et
1238 4088 1413 4169 dampnum
1450 4101 1481 4148 et

217 4197 454 4258 desolacionem
478 4197 639 4257 bonorum
663 4215 795 4258 suorum
820 4196 1032 4258 manifestam.
1057 4195 1151 4258 Unde
1176 4215 1235 4256 nos
1258 4194 1404 4256 nolentes
1428 4213 1480 4255 co-

216 4303 311 4366 lonos
334 4314 366 4364 et
388 4301 576 4384 jobagiones
604 4303 747 4385 ipsorum
783 4303 1018 4385 exponencium
1052 4315 1158 4385 preter
1181 4301 1311 4362 solitum
1346 4297 1481 4380 gravari,

218 4409 362 4471 fidelitati
387 4409 483 4489 igitur
506 4422 607 4470 vestre
632 4407 745 4470 harum
770 4410 850 4470 serie
875 4407 1054 4470 firmissime
1079 4407 1308 4469 committimus
1332 4417 1364 4466 et
1392 4423 1481 4465 man-

218 4515 342 4594 damus,
367 4527 524 4596 quatenus
547 4514 695 4577 homines
718 4527 749 4577 et
764 4513 952 4598 jobagiones
976 4515 1135 4576 dictorum
1152 4512 1386 4594 exponencium
1411 4529 1481 4592 pre-

219 4619 310 4699 fatos,
335 4621 368 4682 in
392 4619 617 4682 exaccionibus
640 4621 799 4682 tricesime
833 4620 974 4703 predicte
1010 4631 1115 4702 preter
1149 4617 1414 4680 consuetudinem
1449 4616 1481 4676 in

219 4723 279 4788 hiis
303 4727 423 4788 servari
448 4725 577 4788 solitam
601 4747 667 4788 non
699 4727 875 4788 molestetis
910 4747 1014 4808 neque
1050 4725 1198 4804 oneretis,
1223 4724 1278 4786 sed
1314 4735 1409 4805 prout
1441 4722 1481 4783 ab

219 4832 290 4894 aliis
313 4846 345 4894 et
367 4833 533 4915 presertim
557 4833 680 4894 civibus
704 4845 735 4894 et
758 4833 872 4895 incolis
895 4853 931 4894 ac
964 4832 1194 4894 mercatoribus
1229 4830 1371 4913 predicte
1406 4829 1482 4890 civi·
1552 4813 1556 4822 ’

219 4938 291 5001 tatis
315 4950 423 5000 nostre
446 4938 564 5000 montis
589 4937 758 5000 Grecensis
780 4939 915 5020 exigitur
940 4939 981 5000 ita
1006 4939 1103 5000 etiam
1127 4937 1295 4998 asubditis
1323 4935 1481 4998 dictorum

220 5044 455 5126 exponencium
478 5044 610 5125 exigatis
635 5057 665 5106 et
689 5045 772 5126 exigi
797 5044 936 5122 faciatis3
962 5059 992 5106 et
1015 5065 1104 5105 secus
1122 5042 1223 5104 lacere
1241 5042 1329 5104 nulla
1353 5041 1480 5103 racione
