3808 5792
454 523 513 583 ¹90
870 505 947 566 Dec.
968 516 1037 581 153.
1063 537 1103 547 —
1128 506 1186 569 An.
1211 501 1298 581 1518.

449 735 544 795 rebus
568 747 599 795 et
623 733 716 794 bonis
739 752 775 794 ac
799 732 930 812 civitati,
955 733 1107 795 domibus
1130 747 1161 796 et
1184 733 1370 796 hominibus
1394 755 1429 796 ac
1454 735 1494 796 ad
1518 736 1607 817 ipsos
1623 736 1722 818 perti·

447 839 597 901 nentibus
619 838 805 900 huiusmodi
829 839 1031 900 securitatem
1055 853 1120 900 tam
1145 859 1183 900 ex
1207 853 1295 921 parte
1328 841 1439 920 nostri,
1463 861 1560 921 quam
1588 841 1720 902 illorum

450 945 570 1026 ubique
594 944 734 1006 futuram
756 945 1027 1026 promitteremus,
1061 945 1139 1026 quin
1163 945 1276 1028 pocius
1300 966 1359 1028 pro
1383 946 1466 1007 virili
1499 959 1608 1008 nostra
1640 947 1665 1006 si
1691 960 1723 1006 et

450 1051 482 1112 in
507 1065 664 1132 quantum
687 1050 773 1131 regie
799 1051 955 1112 Maiestati
981 1050 1106 1112 domini
1123 1052 1222 1113 nostri
1239 1052 1464 1132 graciosissimi
1482 1053 1581 1113 iidem
1598 1051 1722 1129 fideles,

449 1157 610 1238 nobisque
633 1168 664 1217 et
688 1155 847 1217 mandatis
872 1157 987 1217 nostris
1011 1157 1197 1238 obsequiosi
1220 1171 1294 1219 sunt
1317 1157 1427 1236 futuri,
1453 1157 1584 1220 eosdem
1609 1156 1720 1219 defen-

450 1262 535 1341 dere,
559 1263 641 1324 tueri
666 1282 701 1323 ac
726 1275 893 1343 protegere
918 1282 1029 1324 sumus
1053 1263 1176 1345 policiti
1202 1263 1303 1325 immo
1326 1265 1547 1347 promittimus
1570 1277 1602 1324 et
1625 1263 1720 1345 polli-

449 1388 559 1429 cemur
583 1367 696 1430 barum
720 1381 902 1430 nostrarum
927 1369 1037 1450 vigore
1062 1381 1093 1430 et
1116 1369 1301 1431 testimonio
1333 1371 1511 1432 litterarum
1545 1369 1720 1431 mediante.

452 1475 571 1538 Datum
595 1521 735 1538 .....

555 1597 760 1663 Etransutnpto
780 1598 888 1662 capituli
910 1599 1103 1665 zagrahiensis,
1123 1602 1156 1652 de
1186 1615 1254 1652 anno
1281 1599 1355 1652 1518.
1376 1598 1404 1652 ln
1425 1599 1515 1651 archiv
1545 1599 1605 1649 incl.
1624 1599 1711 1648 hccad

450 1687 542 1738 scient.
566 1685 670 1762 Slavor.
691 1687 786 1739 merid.

1046 1865 1126 1929 153.

562 2009 638 2054 Anno
660 2003 734 2054 1518.
756 2005 798 2055 23.
815 2003 890 2070 junii.
911 2004 1067 2070 Zagrahiae.

460 2115 667 2172 Communitate
689 2115 813 2171 civitatis
836 2122 956 2187 rogante
976 2115 1133 2187 capitulum
1157 2113 1347 2188 aagrabiense
1370 2116 1483 2173 litteras
1506 2114 1650 2188 qivasdam
1673 2133 1722 2170 cx-

978 2223 1100 2293 scriptas
1122 2220 1186 2280 edri.

557 2343 624 2404 Nos
649 2342 825 2423 capitulum
849 2341 983 2402 ecclesie
1008 2341 1232 2422 zagrabiensis.
1267 2341 1423 2404 Memorie
1455 2340 1722 2404 commendamus

452 2462 562 2510 tenore
599 2449 799 2530 presencium
835 2447 1060 2528 significantes,
1100 2447 1218 2528 quibus
1256 2447 1385 2529 expedit
1419 2449 1586 2510 universis.
1625 2447 1723 2520 Quod

454 2555 702 2636 circumspectus
726 2554 774 2614 vir
798 2552 936 2614 Michael
962 2552 1152 2635 Oprasnych
1168 2551 1264 2635 judex
1282 2567 1312 2614 et
1334 2555 1412 2614 civis
1436 2554 1572 2614 civitatis
1589 2555 1721 2614 Montis-

451 2661 611 2741 grecensis
635 2661 667 2720 in
692 2679 748 2720 sua
773 2680 808 2720 ac
832 2659 936 2720 tocius
960 2659 1199 2720 communitatis
1231 2659 1367 2720 civitatis
1401 2660 1544 2721 eiusdem
1579 2660 1723 2742 personis

389 2787 392 2792 ¹
452 2778 593 2828 nostram
617 2765 828 2848 personaliter
851 2765 984 2825 veniens
1008 2765 1040 2826 in
1064 2765 1262 2846 presenciam
1287 2765 1431 2827 exhibuit
1465 2779 1495 2827 et
1527 2767 1722 2848 presentavit

452 2872 546 2932 nobis
570 2870 726 2952 quasdam
750 2870 841 2931 binas
864 2870 994 2948 litteras,
1019 2883 1168 2952 utrasque
1193 2871 1373 2932 munimem
1398 2885 1429 2932 et
1453 2873 1620 2954 exemplar
1640 2871 1721 2933 obli-

451 2977 606 3057 gatoriale
630 2978 663 3038 in
687 2995 719 3036 se
744 2975 943 3037 continentes
968 2990 999 3036 et
1022 2976 1212 3037 denotantes
1229 2976 1262 3037 in
1278 2977 1392 3058 papiro
1409 2979 1468 3038 sub
1489 2998 1554 3039 uno
1572 2993 1721 3039 contextu

453 3082 613 3144 confectas
637 3097 667 3144 et
690 3094 863 3161 emanatas,
888 3101 1021 3163 unoque
1045 3095 1076 3143 et
1100 3082 1215 3143 eodem
1240 3082 1348 3164 sigillo
1372 3085 1632 3146 reverendissimi
1665 3084 1721 3144 do-

453 3189 533 3249 mini
557 3189 642 3249 Petri
667 3188 803 3270 Beryzlo
828 3187 970 3270 episcopi
996 3187 1128 3249 ecclesie
1160 3188 1420 3270 wesprimiensis,
1445 3209 1571 3251 necnon
1608 3209 1721 3270 regno-

453 3313 523 3356 rum
550 3293 725 3373 Dalmacie,
751 3293 884 3355 Croacie
909 3307 940 3354 et
965 3293 1137 3354 Sclauonie
1171 3293 1246 3354 bani
1282 3307 1341 3354 etc.
1375 3309 1472 3376 prout
1502 3297 1606 3378 prima
1643 3295 1721 3356 facie

453 3401 627 3482 apparebat
651 3400 757 3462 clause
781 3399 975 3480 obsignatas,
1000 3415 1111 3482 petens
1135 3419 1193 3462 nos
1225 3401 1333 3462 debita
1357 3421 1431 3462 cum
1455 3401 1621 3480 instancia,
1645 3423 1721 3484 qua·

451 3519 544 3565 tenus
567 3518 713 3566 tenorem
738 3505 912 3566 earundem
937 3505 977 3566 de
1001 3507 1099 3568 verbo
1124 3506 1165 3566 ad
1189 3509 1323 3568 verbum
1347 3508 1415 3568 sine
1440 3508 1662 3570 diminucione
1691 3523 1721 3570 et

454 3623 628 3691 augmento
653 3611 784 3691 aliquali
801 3612 1002 3692 presentibus
1018 3612 1129 3673 litteris
1147 3613 1263 3674 nostris
1292 3615 1459 3675 transcribi
1486 3627 1517 3674 et
1532 3615 1721 3675 transummi

455 3717 671 3796 dignaremur.
697 3717 843 3790 Quarum
868 3718 970 3799 prime
991 3733 1023 3779 et
1055 3719 1150 3779 unius
1173 3719 1205 3780 in
1230 3720 1311 3780 serie
1334 3723 1427 3781 tenor
1451 3720 1523 3780 talis
1547 3733 1611 3781 est:
1637 3719 1722 3802 (vide

455 3823 535 3884 Doc.
566 3845 635 3903 151.
660 3822 700 3884 de
735 3843 820 3884 anno
860 3823 964 3904 1518.)
1001 3824 1148 3886 Secunde
1184 3845 1260 3886 vero
1293 3839 1324 3886 et
1356 3826 1486 3887 alterius
1520 3827 1721 3887 continencia

454 3929 592 3989 verbalis
616 3942 682 3989 erat
705 3924 907 3990 huiusmodi:
933 3929 1018 4012 (vide
1043 3931 1122 3994 Doc.
1152 3951 1221 4011 152.
1247 3931 1286 3994 de
1310 3952 1396 3993 anno
1427 3932 1531 4014 1518.)
1551 3933 1644 3995 Unde
1663 3951 1721 3993 nos

455 4033 545 4115 justis
577 4048 607 4095 et
639 4034 699 4116 juri
735 4036 884 4096 consonis
918 4037 1134 4118 peticionibus
1165 4039 1308 4099 annotati
1334 4039 1501 4100 Michaelis
1533 4038 1721 4121 Oprasnych

456 4140 555 4202 modo
579 4160 644 4222 quo
663 4161 756 4222 supra
773 4143 926 4223 porrectis
942 4157 1129 4223 annuentes,
1145 4144 1334 4225 prescriptas
1358 4145 1449 4206 binas
1476 4145 1597 4206 litteras
1624 4145 1721 4206 modo

455 4247 609 4328 premisso
633 4246 793 4308 confectas
818 4262 848 4309 et
873 4263 1046 4328 emanatas,
1071 4249 1110 4310 de
1136 4251 1233 4311 verbo
1258 4251 1298 4312 ad
1323 4253 1457 4312 verbum
1488 4252 1557 4312 sine
1582 4251 1721 4311 diminu-

456 4354 548 4416 cione
579 4367 610 4414 et
642 4367 815 4434 augmento
851 4355 981 4435 aliquali
1019 4357 1219 4436 presentibus
1250 4357 1363 4417 litteris
1394 4356 1510 4417 nostris
1541 4357 1722 4439 patentibus

456 4459 551 4519 inseri
588 4471 619 4520 et
651 4459 779 4519 inscribi
816 4458 966 4521 iacientes
1002 4461 1073 4541 lege
1111 4463 1200 4542 regni
1238 4463 1431 4543 requirente,
1471 4463 1588 4544 quibus
1627 4482 1719 4545 supra

455 4563 605 4625 duximus
629 4564 851 4626 concedendas
874 4564 951 4644 juris
976 4567 1120 4646 ipsorum
1144 4568 1284 4629 uberiori
1311 4588 1368 4650 pro
1393 4569 1526 4630 cautela.
1552 4568 1671 4630 Datum
1689 4569 1719 4628 in

455 4670 564 4751 vigilia
589 4671 672 4731 beati
698 4670 852 4732 lobannis
876 4672 1021 4752 baptiste.
1047 4677 1143 4736 Anno
1168 4675 1292 4736 domini
1326 4675 1499 4735 millesimo
1533 4675 1719 4755 quingente-

455 4775 537 4837 simo
562 4776 688 4838 decimo
712 4791 836 4840 octav0.

562 4897 697 4962 originale
718 4899 743 4949 in
772 4901 870 4955 charta.
891 4904 914 4951 Α
936 4907 1014 4967 tergo
1034 4903 1177 4968 vestigium
1195 4904 1278 4968 sigilli
1305 4904 1468 4969 capitularis.
1500 4904 1527 4955 ln
1546 4903 1645 4956 archiv.
1664 4903 1721 4953 iaci.

457 4984 555 5035 Accad.
575 4987 671 5036 sciant.
692 4986 800 5040 Slavor.
823 4992 917 5043 metiri.
