3752 5806
363 547 406 606 44
820 531 891 590 Doc.
908 544 959 607 43.
978 563 1016 575 -
1035 531 1089 590 An.
1108 541 1193 604 1505.

361 757 535 817 Martinam
552 756 699 818 similiter
715 757 896 839 Hobetych,
908 757 1106 839 Stephanum
1123 757 1327 840 balthorych,
1342 758 1423 820 Seeb
1438 757 1627 820 Gurkonem

360 862 482 944 Arsych
513 863 651 945 welyky,
678 863 845 925 Nicolaum
883 853 1128 946 Pawolroivych,
1162 865 1297 925 Paulum
1330 865 1624 947 Waychekowycb,

362 967 551 1030 Gurlconem
566 969 779 1052 Sikekowych
797 985 827 1031 et
837 970 1039 1032 Clementem
1054 971 1237 1053 privignum
1248 971 1393 1032 chzias
1410 970 1449 1032 de
1462 971 1626 1053 Dwsycza,

362 1075 490 1136 Petrum
524 1075 701 1158 Kelowych
733 1075 773 1137 de
798 1076 968 1158 Wyrywth
1000 1090 1032 1138 et
1065 1077 1278 1138 Blasekonem
1312 1076 1352 1137 de
1377 1076 1533 1158 Zthwpen
1557 1097 1627 1158 per-

362 1181 515 1243 sonaliter
539 1181 707 1260 accedatis,
732 1182 882 1263 ipsosque
899 1183 938 1242 ad
957 1183 1145 1244 instanciam
1162 1181 1403 1244 honorabilium
1420 1181 1626 1244 dominorum

363 1286 475 1348 decani
502 1301 532 1348 et
555 1287 692 1349 aliorum
710 1287 995 1369 prebendariorum
1013 1288 1101 1350 chori
1119 1289 1251 1350 ecclesie
1269 1288 1485 1368 zagrabiensis
1501 1289 1627 1350 racione

363 1389 561 1454 fideiussorie
578 1393 740 1454 caucionis
757 1392 878 1454 eisdem
896 1394 1036 1455 dominis
1052 1393 1272 1476 prebendariis
1287 1412 1346 1475 pro
1363 1393 1465 1455 Paulo
1483 1394 1628 1476 Kwnych

362 1497 402 1558 de
427 1499 581 1580 Dwsycza
614 1497 704 1576 lacte,
728 1500 956 1580 compromisse
981 1507 1011 1560 et
1036 1519 1099 1561 non
1123 1501 1300 1578 observate,
1322 1499 1361 1560 ad
1390 1519 1514 1561 nonum
1538 1500 1625 1560 diem

365 1603 460 1665 adie
492 1605 692 1667 execucionis
724 1606 924 1685 presencium
949 1606 1134 1668 immediate
1167 1605 1385 1687 computando
1410 1621 1551 1667 nostram
1576 1625 1629 1686 pe·

364 1709 536 1791 remptorie
561 1709 657 1772 citare
681 1709 824 1772 debeatis
844 1711 1051 1792 presenciam,
1069 1711 1230 1772 racionem
1247 1729 1342 1793 super
1359 1710 1433 1772 inde
1451 1710 1630 1773 reddituros

365 1829 396 1877 et
427 1815 505 1896 juris
538 1816 712 1897 equitatem
744 1831 946 1897 recepturos;
982 1837 1063 1899 quos
1096 1837 1212 1878 novem
1248 1817 1316 1878 dies
1349 1817 1424 1898 ipsis
1456 1831 1487 1878 et
1517 1835 1629 1878 eorum

365 1923 497 1984 cuilibet
510 1941 568 2004 pro
584 1922 699 2004 prim0,
718 1923 870 2002 secundo,
887 1925 996 2002 tercio,
1014 1923 1296 2005 peremptorioque
1314 1937 1344 1984 et
1362 1923 1476 1984 ultimo
1492 1923 1629 1984 termino

366 2028 550 2090 monicione
591 2029 744 2090 canonica
773 2019 948 2110 'prehabita
987 2029 1193 2110 assignantes,
1229 2027 1401 2111 preligatis,
1440 2043 1470 2090 et
1501 2027 1629 2088 tandem

365 2134 567 2196 execucionis
602 2149 704 2197 vestre
741 2136 855 2196 seriem
891 2156 962 2198 cum
996 2136 1182 2197 nominibus
1217 2135 1397 2212 citatorum,
1428 2135 1630 2213 terminoque

366 2238 526 2319 assignato
558 2241 651 2301 nobis
683 2240 819 2302 fideliter
851 2255 882 2302 et
913 2241 1148 2302 conscienciose
1182 2240 1370 2318 rescribatis,
1404 2253 1567 2321 presentes
1599 2239 1629 2299 in

366 2346 470 2429 specie
505 2347 708 2408 remittendo
734 2347 852 2409 Datum
881 2347 1035 2428 Zagtabie
1068 2348 1100 2408 in
1137 2345 1218 2409 lesto
1250 2347 1417 2409 beatorum
1449 2345 1578 2406 Andree
1602 2359 1631 2404 et

368 2452 532 2514 Benedicti
557 2453 734 2514 martirum.
759 2457 855 2514 Anno
879 2453 1002 2514 domini
1024 2453 1198 2514 millesimo
1223 2451 1482 2533 quingentesimo
1507 2451 1631 2531 quinto.

474 2576 507 2638 (A
522 2575 628 2640 tergm:
653 2559 805 2620 Discretis
829 2559 969 2620 dominis
993 2561 1032 2621 N.
1050 2560 1089 2621 de
1114 2560 1221 2638 Zizelr,
1243 2571 1274 2620 et
1296 2560 1336 2620 N.
1354 2557 1393 2618 de
1412 2557 1631 2639 Peschenycza

368 2667 573 2729 ecclesiarum
605 2667 761 2748 plebanis,
785 2666 880 2728 nobis
910 2667 943 2726 in
968 2665 1097 2728 Christo
1125 2667 1246 2727 sincere
1271 2665 1405 2727 dilectis.
1431 2663 1557 2725 Citacio
1580 2681 1632 2744 pe-

371 2773 554 2854 remptoria.

474 2893 617 2958 (rhidemtz
654 2897 744 2957 ¹505·
771 2877 839 2958 Ego
872 2875 1048 2959 Gregorius
1081 2877 1238 2959 plebanus
1261 2877 1294 2937 in
1318 2875 1460 2958 Zythech
1484 2887 1634 2936 executus

369 3003 439 3044 sum
464 2983 524 3045 boc
548 2983 737 3046 mandatum
770 2985 801 3045 in
827 2983 907 3046 festo
933 2985 1024 3046 beate
1057 2983 1255 3065 Margarethe
1289 2981 1421 3063 virginis
1445 2991 1476 3042 et
1499 2979 1635 3041 martiris

370 3089 456 3170 juxta
472 3091 537 3152 vim
556 3103 586 3152 et
603 3091 838 3152 continenciam
851 3089 947 3152 huius
962 3089 1104 3151 mandati
1122 3089 1248 3170 egregie
1262 3087 1506 3149 Dominacionis
1522 3098 1634 3147 vestre.

475 3195 567 3258 Feria
603 3197 694 3257 tertia
727 3209 800 3278 post
827 3195 943 3257 festum
978 3200 1081 3260 Arme.
1106 3194 1207 3256 ludex
1241 3193 1390 3275 expiratis
1424 3192 1572 3254 terminis
1603 3203 1633 3251 et

370 3302 456 3364 leriis
473 3303 584 3364 messis
600 3303 632 3363 in
658 3302 726 3384 jure
743 3304 911 3364 observare
930 3303 1042 3380 solitis,
1060 3302 1091 3362 in
1109 3299 1344 3363 contumaciam
1362 3298 1634 3380 intrascriptorum

371 3421 577 3470 attractorum
609 3409 649 3470 ad
680 3409 928 3490 requisicionem
959 3408 1074 3470 actoris
1105 3407 1137 3467 in
1170 3425 1264 3468 causa
1295 3404 1436 3465 decrevit
1467 3404 1508 3466 ad
1532 3415 1635 3485 partes

371 3535 556 3598 processum
580 3515 620 3576 ad
646 3517 806 3578 ulteriora.
830 3551 873 3560 -
898 3516 1045 3577 Matheus
1068 3513 1221 3576 notarius.

479 3655 616 3722 originale
636 3657 661 3707 in
679 3659 776 3709 charta.
795 3657 816 3707 A
835 3661 913 3722 tergo
933 3657 1089 3720 inpressum
1110 3661 1150 3706 est
1170 3652 1294 3720 sigillum.
1309 3652 1337 3703 ln
1356 3651 1453 3702 archiv.
1468 3651 1529 3702 hoo.
1540 3651 1635 3714 colleg.

372 3745 546 3797 Praebendar.

977 3957 1041 4023 43.

479 4121 556 4170 Anno
580 4119 653 4182 1505,
676 4118 714 4170 15.
735 4118 849 4182 augusti.
869 4117 966 4169 Bndae.

385 4227 552 4284 Vladr'slaus
568 4229 746 4300 lr'rrngarr'cre
768 4236 817 4288 etc.
832 4247 895 4300 rex,
914 4227 1047 4283 Andreae
1064 4225 1185 4296 Hening
1207 4224 1239 4280 de
1257 4220 1429 4295 Susedgrad
1449 4220 1541 4276 nobili
1554 4220 1643 4284 intem,

419 4329 498 4406 dt'cr't,
524 4351 558 4388 ne
580 4352 599 4388 a
623 4333 824 4390 mercatoribus
846 4333 973 4390 civitatis
996 4331 1113 4404 sagrad.
1138 4330 1274 4386 tributum
1295 4347 1352 4404 pro
1373 4345 1462 4384 merce
1486 4327 1595 4396 exigat.

1059 4467 1220 4518 Commissio
1240 4465 1350 4530 propria
1369 4463 1468 4514 domini
1489 4463 1571 4527 regie.

482 4593 680 4656 Wladislaus
711 4595 762 4657 dei
794 4594 899 4675 gracia
932 4613 985 4654 rex
1018 4593 1183 4673 Hungarie
1211 4603 1242 4652 et
1266 4589 1421 4651 bohemie
1446 4601 1505 4649 etc.
1538 4571 1639 4646 Fidel¹

377 4711 486 4758 nostro
511 4701 639 4780 egregio
656 4700 782 4761 Andree
803 4701 964 4782 Hennyng
981 4699 1020 4759 de
1038 4699 1278 4774 Zomzedwara,
1295 4695 1431 4757 salutem
1448 4707 1479 4755 et
1491 4691 1639 4773 graciam.

379 4803 598 4883 Sepenumero
630 4805 692 4865 iam
724 4806 779 4866 tibi
813 4825 868 4886 per
899 4806 1019 4866 litteras
1051 4805 1282 4880 commisimus,
1307 4815 1342 4862 ut
1373 4799 1486 4862 fideles
1517 4811 1641 4859 nostros

379 4909 463 4969 cives
487 4922 518 4969 et
542 4909 768 4972 inhabitatores
799 4912 934 4972 civitatis
958 4925 1064 4972 nostre
1088 4907 1368 4989 Montisgrecensis
1396 4917 1507 4967 contra
1531 4921 1640 4964 eorum

379 5013 526 5095 antiquas
550 5014 709 5076 libertates
733 5029 763 5076 et
787 5015 865 5097 jura,
881 5029 950 5077 tum
974 5017 1138 5078 exactione
1159 5010 1269 5075 trib'uti
1286 5031 1342 5074 seu
1359 5009 1495 5072 thelonii
1514 5010 1547 5071 in
1564 5007 1640 5070 locis
