3732 5802
633 582 706 642 Doc.
733 594 802 658 124.
827 613 869 624 -
894 582 949 642 An.
973 577 1061 656 1516.
1421 600 1477 662 ¹53

210 830 273 891 qua
299 809 413 870 ductus
437 809 605 871 occasione
630 809 781 870 movisset
804 823 835 870 et
859 809 1054 886 intentasset,
1080 807 1228 887 creditur,
1253 822 1416 890 utsupra,
1441 829 1477 900 er

211 929 295 978 certa
326 915 452 977 malicia
484 927 515 976 et
547 915 656 976 animo
683 913 867 995 injuriandi,
892 934 966 977 cum
998 933 1057 976 nos
1078 933 1135 996 per
1158 913 1226 994 jura
1251 913 1479 993 efficacissima,

211 1021 378 1104 privilegia
403 1039 533 1102 quoque
559 1020 798 1102 scripturarum,
823 1020 930 1082 literas
953 1034 984 1082 et
1007 1019 1146 1082 literaria
1177 1020 1396 1100 instrumenta,
1420 1039 1478 1082 nec

212 1147 277 1190 non
301 1147 358 1210 per
381 1128 443 1190 alia
468 1127 549 1208 justa
573 1141 604 1188 et
627 1126 792 1188 verissima
816 1127 959 1188 remedia
984 1125 1157 1189 defendere
1180 1140 1211 1188 et
1235 1139 1338 1188 tutare
1361 1126 1480 1208 gravis.

211 1233 300 1295 simis
323 1233 498 1312 laboribus,
522 1233 703 1314 sumptibus
728 1245 758 1294 et
775 1233 921 1315 expensis
945 1232 1044 1295 coacti
1064 1231 1193 1312 fuimus,
1211 1233 1243 1294 in
1260 1251 1323 1313 qua
1347 1231 1479 1313 quidem

214 1344 307 1402 causa
343 1339 382 1402 D.
406 1340 444 1402 V.
469 1340 508 1401 R.
545 1339 621 1400 visis
656 1351 687 1400 et
726 1337 897 1420 diligenter
931 1338 1103 1420 perspectis
1137 1338 1270 1420 juribus,
1294 1338 1480 1421 privilegiis,

212 1446 385 1528 scripturis,
409 1445 509 1507 literis
534 1458 565 1506 et
587 1444 766 1506 literalibus
782 1444 1011 1524 instrumentis,
1035 1444 1352 1526 allegacionibusque
1377 1457 1407 1505 et
1431 1443 1479 1504 di-

212 1552 311 1614 versis
334 1551 486 1613 hincinde
510 1551 765 1614 deduccionibus
786 1551 869 1631 juste
893 1564 924 1613 et
947 1569 1020 1612 vere
1055 1551 1277 1633 procedentes,
1314 1551 1411 1612 deum
1449 1563 1481 1612 et

213 1659 281 1720 eius
304 1658 462 1740 justiciam
487 1678 542 1741 pre
566 1658 668 1720 oculis
692 1657 857 1745 habentes,
882 1660 1004 1720 nosab
1028 1658 1145 1720 iniusta
1170 1671 1201 1720 et
1224 1657 1368 1720 indebita
1387 1676 1481 1718 vexa·

213 1765 316 1844 cione,
338 1765 545 1828 tribulatione
569 1777 600 1826 et
623 1764 829 1847 impericione
861 1763 974 1848 prefati
999 1764 1170 1827 adversarii
1194 1764 1305 1844 nostri,
1329 1783 1387 1826 nec
1414 1782 1479 1825 non

214 1884 245 1933 et
266 1890 285 1932 a
309 1869 410 1952 figura
432 1869 543 1952 judicii
568 1869 607 1932 D.
631 1870 669 1933 V.
695 1871 733 1932 R.
751 1871 957 1933 absolverunt
979 1871 1039 1932 sibi
1057 1871 1097 1932 ab
1114 1870 1258 1933 ulteriori
1275 1869 1480 1952 impericione

213 1990 245 2039 et
266 1977 440 2039 vexacione
476 1976 645 2038 silencium
680 1977 904 2058 imponentes;
929 1989 960 2038 et
994 1977 1149 2058 quoniam
1174 1977 1205 2038 in
1229 1976 1390 2039 sentencia
1413 1976 1480 2057 ipsa

214 2081 384 2144 diffinitiva
409 2082 447 2147 D.
471 2084 509 2146 V.
534 2084 573 2144 R.
598 2083 817 2145 adversarium
848 2097 993 2145 nostrum
1018 2083 1050 2145 in
1075 2083 1221 2166 expensis
1245 2083 1309 2144 litis
1333 2096 1364 2145 et
1387 2101 1480 2144 cause

214 2188 252 2250 ad
279 2189 467 2251 instanciam
492 2203 634 2251 nostram
658 2209 724 2251 non
749 2189 1028 2272 condempnarunt
1044 2203 1139 2276 prout
1163 2189 1359 2271 condempni
1383 2188 1479 2250 debe·

214 2295 317 2372 batur,
341 2314 400 2376 pro
426 2315 465 2357 eo
488 2296 625 2358 scientes
650 2314 709 2358 nos
732 2309 880 2377 gravatos
908 2297 948 2358 ab
973 2295 1158 2358 huiusmodi
1183 2296 1336 2358 sententia
1363 2293 1480 2356 diffini-

214 2401 277 2461 tive
302 2400 335 2462 in
359 2421 396 2462 ea
428 2401 593 2464 dumtaxat
628 2416 716 2483 parte
746 2422 819 2483 qua,
844 2416 878 2464 ut
912 2402 1103 2485 premissum
1139 2417 1196 2481 est,
1227 2401 1481 2484 condempnacio

214 2525 424 2588 expensarum
448 2507 566 2569 omissa
593 2521 649 2586 est,
672 2507 712 2568 ad
743 2507 978 2570 sanctissimum
1004 2509 1036 2569 in
1061 2507 1190 2571 Christo
1223 2521 1345 2592 patrem
1369 2519 1400 2570 et
1423 2506 1481 2568 do·

214 2612 350 2691 minum,
384 2613 554 2676 dominum
592 2614 745 2692 Leonem,
770 2612 880 2675 divina
914 2613 1121 2696 providencia
1156 2633 1272 2697 papam
1308 2613 1481 2691 decimum,

215 2718 348 2800 eiusque
372 2733 513 2781 sanctam
537 2719 646 2782 sedem
682 2720 892 2802 apostolicam
927 2739 1141 2802 provocamus
1171 2735 1202 2783 et
1225 2720 1425 2803 appellamus
1449 2719 1480 2780 in

214 2821 275 2884 hiis
310 2825 444 2907 scriptis,
480 2825 741 2908 appellantesque
786 2825 901 2908 primo,
937 2826 1079 2888 secundo
1116 2841 1146 2888 et
1183 2827 1282 2888 tercio
1318 2827 1481 2904 instanter,

132 3003 135 3011 Ι
215 2929 388 2991 instantius
413 2945 444 2993 et
467 2929 694 2992 instantissime
718 2951 736 2992 a
759 2931 851 2993 vobis
887 2932 1072 2993 reverendis
1107 2933 1252 3014 patribus
1286 2946 1317 2994 et
1341 2931 1482 2995 dominis

214 3035 356 3118 capitulo
380 3036 531 3099 videlicet
554 3035 649 3098 buius
673 3037 757 3099 alme
782 3037 914 3098 ecclesie
949 3039 1165 3118 zagrabiensis
1189 3039 1240 3100 vel
1272 3039 1385 3100 saltem
1409 3057 1427 3099 a
1451 3051 1480 3098 te

214 3141 341 3202 notario
364 3142 495 3224 publico
519 3155 551 3204 et
574 3161 710 3225 persona
741 3143 901 3206 autentica
925 3143 1032 3206 literas
1067 3145 1297 3207 testimoniales
1331 3144 1481 3227 petimus,

215 3248 333 3328 quibus
366 3247 583 3311 mediantibus
621 3250 806 3330 conspectui
842 3250 941 3333 ipsius
972 3251 1162 3312 sanctissimi
1198 3250 1333 3328 domini,
1358 3249 1480 3313 domini

214 3373 295 3436 pape
320 3373 380 3415 nos
402 3369 583 3436 presentare
608 3375 778 3438 possumus
795 3369 825 3418 et
841 3357 1096 3439 appellacionem
1120 3356 1306 3418 huiusmodi
1330 3355 1480 3438 prosequi

214 3459 388 3539 valeamus,
422 3461 614 3522 subicientes
645 3481 704 3524 nos
728 3476 759 3523 et
783 3462 930 3524 universa
953 3463 1037 3524 bona
1061 3477 1179 3542 nostra,
1196 3462 1340 3540 tuicioni,
1357 3475 1480 3544 protec-

215 3565 301 3626 cioni
327 3579 358 3627 et
381 3564 560 3628 defensioni
590 3566 666 3630 dicti
701 3568 890 3630 sanctissimi
927 3569 1051 3630 domini
1077 3589 1170 3652 pape,
1207 3569 1339 3650 eiusque
1374 3583 1481 3630 sancte

216 3670 300 3732 sedis
323 3673 511 3753 apostolice,
535 3687 566 3735 et
579 3687 802 3756 protestamur
833 3676 921 3757 quod
946 3675 1026 3736 hanc
1050 3689 1191 3736 nostram
1226 3675 1480 3758 appellacionem

216 3774 296 3838 infra
320 3778 493 3840 terminum
517 3778 594 3861 juris
618 3781 769 3863 prosequi
801 3781 961 3842 volumus.
987 3781 1084 3842 Salvo
1108 3781 1176 3862 jure
1201 3780 1348 3843 addendi.
1367 3795 1425 3842 etc.
1450 3795 1482 3842 et

216 3897 428 3964 protestamur
451 3883 490 3946 de
515 3886 660 3968 expensis
684 3885 774 3948 factis
798 3901 829 3948 et
852 3886 967 3948 fiendis
989 3900 1048 3949 etc.

744 3993 784 4054 Et
807 4011 867 4074 ego
894 3992 1075 4076 Stephanus
1104 3993 1224 4061 Mathia
1248 3993 1289 4055 de
1314 3993 1478 4076 Lepsyncz

745 4119 832 4161 sacra
856 4100 1043 4161 auctoritate
1065 4100 1240 4182 apostolica
1258 4100 1400 4161 notarius
1424 4118 1480 4180 pu·

744 4205 846 4266 blicus
869 4205 1008 4288 presenti
1032 4205 1246 4287 appellacioni
1279 4225 1409 4286 presens
1433 4206 1479 4266 in·

744 4309 850 4390 terfui,
875 4311 949 4374 ideo
973 4331 1025 4372 me
1049 4310 1100 4372 hic
1124 4311 1306 4394 subscripsi.

321 4447 458 4514 Originale
478 4449 503 4500 ln
523 4449 621 4516 charta,
642 4450 667 4502 la
689 4451 789 4503 archiv.
809 4453 936 4505 honorab.
957 4454 1065 4521 collegli
1085 4453 1346 4505 Praebendariorunt.
