3732 5802
656 530 730 589 Dec.
755 539 800 606 75.
832 563 868 574 -
895 534 1055 608 An.1510.
1444 555 1484 616 79

985 637 1178 644 .—..—...-—.-

216 757 454 840 preeminentie
477 755 604 836 fuerint,
632 757 728 818 etiam
753 758 778 818 si
802 757 1075 840 archiepiscopali,
1100 758 1273 841 episcopali
1297 761 1347 820 vel
1373 761 1485 842 quavis

219 863 283 924 alia
320 863 551 926 eccelesiastica
586 863 637 925 vel
671 863 835 926 mundana
870 864 1024 946 dignitate
1060 863 1271 946 prefulgeant,
1302 866 1370 948 ipso
1404 866 1487 928 facto

220 969 434 1048 incurrendis,
457 983 488 1031 et
517 989 534 1031 a
566 970 693 1051 quibus,
716 971 845 1032 nonnisi
874 991 891 1032 a
915 970 990 1032 sede
1014 971 1201 1052 apostolica,
1225 985 1428 1054 preterquam
1453 974 1485 1035 in

220 1076 336 1136 mortis
370 1075 504 1137 articulo
540 1076 714 1155 constituti,
743 1076 865 1138 absolvi
902 1078 1033 1158 possint,
1062 1077 1290 1170 inviolabiliter
1325 1081 1485 1140 observari

221 1180 341 1242 debere
373 1180 584 1258 decernimus,
608 1181 792 1264 supplentes
824 1203 937 1244 omnes
969 1197 1000 1244 et
1030 1184 1174 1265 singulos
1203 1181 1356 1264 defectus,
1381 1185 1406 1246 si
1431 1187 1486 1268 qui

221 1285 330 1349 forsan
352 1288 581 1350 intervenerint
604 1289 636 1350 in
661 1289 792 1350 eisdem.
810 1291 883 1352 Non
906 1292 1106 1352 obstantibus
1122 1291 1192 1353 aliis
1208 1292 1489 1354 constitutionibus

223 1407 256 1456 et
291 1394 549 1456 ordinationibus
583 1395 778 1476 apostolicis,
810 1397 986 1478 ceterisque
1020 1398 1188 1460 contrariis
1221 1397 1489 1480 quibuscumque.

222 1500 316 1562 Nulli
332 1520 410 1582 ergo
430 1501 564 1563 omnino
585 1501 755 1564 bominum
771 1501 865 1564 liceat
881 1503 962 1564 hanc
979 1503 1128 1585 paginam
1146 1515 1251 1565 nostre
1267 1504 1490 1584 absolutionis,

223 1605 488 1686 confirmationis,
511 1607 751 1689 approbationis
775 1621 806 1669 et
828 1608 945 1670 decreti
973 1608 1146 1690 infringere
1163 1607 1214 1670 vel
1236 1609 1264 1671 ei
1287 1631 1367 1671 ausu
1391 1623 1491 1672 teme-

225 1712 310 1773 rario
341 1714 508 1774 contraire.
535 1713 568 1774 Si
597 1713 669 1794 quis
701 1727 807 1776 autem
838 1715 899 1777 hoc
932 1728 1119 1798 attemptare
1147 1717 1384 1798 presumpserit,
1409 1715 1491 1776 indi·

224 1819 412 1900 gnationem
437 1819 667 1902 omnipotentis
689 1820 741 1882 dei
765 1840 801 1882 ac
825 1823 992 1884 beatorum
1014 1822 1097 1884 Petri
1116 1833 1147 1883 et
1164 1821 1253 1883 Pauli
1271 1821 1491 1904 apostolorum

225 1925 306 2004 eius,
330 1945 362 1986 se
387 1925 513 1987 noverit
536 1925 749 1988 incursurum.
779 1927 897 1990 Datum
922 1929 1045 1992 Romae
1069 1926 1155 2010 apud
1180 1949 1204 1991 s.
1229 1929 1368 1990 Petrum.
1395 1932 1491 1990 Anno

226 2031 456 2093 incarnationis
495 2031 684 2094 Dominicae
723 2033 896 2095 millesimo
935 2034 1194 2116 quingentesimo
1237 2034 1362 2097 decimo
1393 2047 1492 2108 sexto,

226 2135 381 2199 kalendas
405 2138 502 2201 lunii.
526 2139 733 2201 Pontificatus
755 2141 854 2202 nostri
880 2160 965 2202 anno
989 2141 1137 2224 septimo.

335 2257 474 2323 Originale
504 2259 528 2310 iu
554 2261 710 2312 membrana.
736 2260 763 2311 ln
792 2261 910 2326 margine
939 2261 1058 2313 inferiorl
1084 2263 1155 2314 bulla
1178 2263 1320 2326 pontificia.
1346 2263 1373 2314 ln
1396 2263 1493 2317 archiv.

227 2362 286 2399 ven.
313 2347 392 2412 Capit
427 2350 533 2414 zagrab
557 2350 614 2400 Act.
635 2349 696 2414 Cap.
717 2353 768 2401 ant.
789 2349 854 2401 fasc.
873 2351 918 2403 23.
936 2364 974 2403 nr.
994 2351 1034 2402 39.
1055 2349 1172 2403 Farlattl.
1193 2351 1255 2403 llllr.
1275 2351 1347 2404 Sacr.
1367 2351 1441 2404 Tom.
1461 2351 1493 2404 V.

226 2450 288 2502 pag.
309 2437 458 2488 514-514.

842 2667 900 2736 75.
957 2721 959 2724 .

334 2827 411 2878 Anno
435 2828 509 2892 1510,
531 2829 575 2879 27.
594 2828 663 2879 mail.
684 2827 791 2879 Romae.

224 2973 332 3049 Julius
364 2972 408 3033 ΙΙ.
434 2981 527 3047 papa,
555 2973 661 3042 Lucae,
683 2975 809 3047 epucopa
839 2973 1029 3046 aagrabr'ensi,
1056 2975 1188 3044 concedit,
1216 2983 1250 3032 ut
1277 2975 1320 3032 ad
1348 2977 1494 3035 ecclesiam

232 3078 430 3136 cathedralem
453 3079 635 3137 muniendum
658 3081 802 3137 ecclesiam
821 3079 1018 3152 parochialem
1042 3097 1063 3140 s.
1087 3079 1216 3138 Enterr'cr'
1236 3081 1342 3152 diruat,
1362 3081 1497 3155 parochi·

384 3203 487 3260 atraque
511 3189 540 3242 ia
563 3185 703 3243 desertum
725 3188 932 3243 monasterium
962 3185 1160 3246 Cistercilense
1182 3188 1353 3262 tramferat.

337 3325 442 3387 Julius
475 3325 654 3407 episcopus,
675 3344 783 3386 servus
814 3344 979 3386 servorum
1004 3323 1065 3385 dei.
1091 3323 1273 3386 Venerabili
1300 3323 1384 3386 fratri
1412 3325 1497 3386 Luce

229 3435 385 3516 episcopo
418 3429 615 3512 zagrabiensi
647 3429 781 3492 salutem
811 3445 842 3492 et
865 3429 1074 3512 apostolicam
1099 3430 1367 3491 benedictionem.
1393 3430 1497 3492 Devo-

230 3539 334 3600 cionis
365 3550 418 3599 tue
451 3537 650 3618 exigentibus
681 3538 813 3616 meritis,
838 3538 920 3599 votis
948 3537 1022 3615 tuis,
1046 3557 1108 3618 que
1141 3536 1180 3598 ad
1211 3536 1262 3598 dei
1287 3537 1443 3598 honorem
1469 3550 1499 3598 et

231 3645 367 3706 ecclesie
400 3657 453 3704 tue
485 3645 524 3705 ab
556 3642 735 3705 infidelium
769 3643 1005 3704 incursionibus
1034 3643 1325 3728 conservacionem,
1348 3657 1379 3704 et
1403 3643 1435 3703 in
1459 3662 1496 3704 ea

231 3751 334 3812 divini
371 3750 474 3812 cultus
509 3761 719 3832 augmentum
751 3750 909 3831 pertinere
940 3761 1125 3827 noscuntur,
1150 3749 1286 3810 libenter
1316 3749 1499 3829 annuimus,

232 3877 336 3939 eaque
368 3855 585 3919 favorabiliter
618 3856 849 3918 exaudivimus.
874 3857 956 3918 Sane
989 3875 1046 3938 pro
1078 3869 1165 3938 parte
1197 3870 1249 3918 tua
1280 3855 1373 3916 nobis
1397 3875 1499 3937 nuper

232 3963 375 4026 exhibita
406 3963 523 4044 peticio
555 3963 747 4040 continebat,
780 3963 867 4045 quod
902 3963 1033 4024 ecclesia
1064 3963 1288 4043 zagrabiensis,
1314 3961 1364 4022 cui
1397 3980 1497 4043 prees,

233 4089 333 4150 quam
359 4069 420 4130 iam
454 4068 575 4130 dudum
608 4081 796 4150 sumptuoso
820 4081 851 4129 et
874 4069 1017 4150 preclaro
1041 4088 1137 4151 opere
1161 4067 1300 4130 edificari
1326 4067 1500 4148 inceptam,

231 4189 267 4237 tu
291 4195 310 4237 a
334 4175 445 4257 paucis
476 4174 552 4236 citra
576 4175 667 4236 annis
698 4175 822 4255 magnis
849 4175 1029 4256 sumptibus
1062 4174 1262 4236 ornatissime
1286 4171 1445 4254 perfecisti
1470 4187 1500 4234 et

234 4281 405 4359 decorasti,
429 4280 609 4343 confinibus
644 4280 869 4360 Thwrcorum,
900 4281 956 4362 qui
991 4294 1095 4362 partes
1130 4279 1201 4342 illas
1234 4277 1500 4360 frequentissimis

234 4385 387 4450 infestant
411 4387 646 4450 incursionibus
668 4387 849 4469 propinqua
874 4387 979 4448 existit
1003 4400 1033 4448 et
1058 4399 1225 4468 propterea
1245 4385 1425 4446 timendum
1445 4397 1501 4462 est,

235 4493 325 4576 quod
358 4493 490 4555 ecclesia
521 4494 600 4576 ipsa,
623 4493 684 4555 nisi
716 4493 744 4554 ei
777 4493 815 4554 de
842 4505 999 4575 oportune
1024 4491 1220 4554 defensionis
1243 4491 1383 4572 presidio
1412 4491 1502 4552 aliter

234 4613 431 4679 succuratur,
447 4619 503 4682 per
525 4600 724 4662 incursiones
741 4599 954 4660 Thwrcorum
979 4597 1195 4680 predictorum
1218 4596 1307 4658 brevi
1331 4596 1503 4658 desoletur.

236 4707 334 4770 Unde
364 4719 400 4768 tu
431 4725 489 4788 pro
522 4705 768 4768 conservacione
797 4703 941 4766 eiusdem
965 4703 1097 4766 ecclesie
1122 4703 1211 4764 illam
1235 4703 1298 4764 tuis
1321 4703 1503 4783 sumptibus

236 4827 268 4876 et
291 4813 439 4896 expensis
462 4831 554 4874 muro
579 4825 609 4874 et
633 4810 882 4894 propugnaculis
906 4810 1155 4892 congruentibus
1180 4809 1306 4890 cingere
1329 4821 1359 4869 et
1377 4808 1503 4870 munire

235 4920 401 5004 proponis,
424 4920 479 4982 sed
502 4933 632 5002 propter
654 4918 715 4980 loci
740 4917 919 4998 augustiam
945 4917 976 4978 id
1000 4915 1151 4998 perficere
1175 4934 1239 4976 non
1258 4928 1366 4996 potes;
1392 4933 1503 4975 verum

237 5027 262 5088 si
281 5027 313 5088 in
331 5026 473 5109 quodam
490 5025 623 5108 antiquo
639 5038 669 5086 et
686 5043 768 5108 pene
788 5023 912 5086 deserto
928 5023 1122 5085 monasterio
1141 5021 1361 5083 Cisterclensis
1380 5019 1501 5080 ordinis
