3752 5806
431 524 473 606 48
830 526 901 589 Dee.
917 539 966 606 47,
992 521 1044 605 48.
1072 563 1108 571 -
1135 529 1290 604 An.1505

1372 636 1609 644 —..-.-..--.-—=.;.-
1621 636 1694 645 —--

431 752 544 815 harum
569 755 648 815 serie
672 751 851 816 firmissime
876 755 1076 834 mandamus,
1100 768 1135 816 ut
1158 757 1295 839 acceptis
1317 759 1528 838 presentibus,
1559 757 1697 841 prelatos

432 860 517 924 cives
540 873 665 923 nostros
688 859 727 921 ad
752 859 952 922 solucionem
977 861 1076 942 ipsius
1099 861 1208 923 tributi
1234 861 1274 922 de
1299 875 1404 925 cetero
1429 877 1531 926 artare
1556 877 1587 925 et
1611 883 1696 926 com·

431 965 551 1049 pellere
578 967 667 1028 nulla
698 967 826 1028 racione
857 967 1056 1048 presumatis,
1080 967 1317 1050 prescriptaque
1350 969 1503 1031 animalia
1533 983 1565 1032 et
1596 971 1696 1052 spolia

432 1071 553 1134 eisdem
584 1072 652 1134 sine
692 1073 781 1134 omni
816 1072 1002 1134 renittencia
1037 1085 1068 1134 et
1106 1071 1293 1136 difficultate
1332 1075 1464 1156 aliquali
1503 1075 1638 1138 reddere
1669 1091 1698 1139 et

431 1178 607 1256 restituere,
638 1197 674 1238 ac
712 1177 752 1240 de
791 1177 940 1260 dampnis
978 1177 1099 1240 eisdem
1138 1177 1313 1241 inferendis
1343 1192 1374 1242 et
1406 1181 1532 1242 iniuriis
1568 1201 1697 1263 quoque

432 1283 611 1365 irrogandis
644 1285 771 1365 penitus
802 1282 952 1346 desistere
983 1297 1014 1346 et
1044 1285 1250 1367 supersedere
1278 1285 1431 1366 debeatis,
1453 1307 1527 1348 nam
1552 1287 1697 1369 alioquin

432 1391 497 1472 pati
520 1390 650 1452 tandem
683 1409 748 1452 non
781 1389 968 1471 poterimus,
992 1390 1070 1472 quin
1095 1390 1216 1452 eisdem
1240 1391 1363 1452 civibus
1385 1392 1502 1453 nostris
1525 1392 1695 1474 superinde

432 1495 471 1556 de
511 1495 670 1578 condigna
708 1493 928 1558 satisfaccione
958 1515 1024 1558 non
1053 1495 1305 1578 providebimus.
1342 1496 1440 1558 Secus
1471 1497 1569 1579 igitur
1610 1499 1697 1560 nulla

431 1601 560 1664 racione
598 1600 721 1664 facturi.
760 1601 963 1664 Presentibus
992 1602 1150 1684 perlectis,
1182 1602 1344 1664 exhibenti
1375 1603 1537 1666 restitutis.
1578 1604 1695 1667 Datum

432 1707 523 1770 Bude
560 1706 637 1770 feria
669 1720 780 1789 quarta
811 1709 956 1790 proxima
988 1721 1060 1791 post
1091 1706 1207 1770 festum
1241 1709 1324 1771 beati
1349 1709 1478 1771 Martini
1503 1711 1646 1793 episcopi
1667 1723 1697 1772 et

432 1811 633 1876 confessoris.
657 1818 754 1875 Anno
779 1813 903 1876 domini
928 1813 1101 1876 millesimo
1122 1814 1381 1895 quingentesimo
1405 1815 1530 1896 quinto.

942 1920 1074 1981 Relacio
1098 1920 1240 2002 magistri
1262 1919 1346 1982 Petri
1371 1921 1508 2003 Beryzlo
1532 1923 1695 2005 prepositi,

1006 2008 1165 2070 secretarii
1191 2008 1277 2090 regie
1301 2008 1486 2071 Maiestatis.

503 2113 640 2178 Originale
667 2114 692 2164 in
713 2115 811 2165 charta.
831 2113 858 2164 ln
878 2114 996 2178 margine
1016 2111 1134 2165 inferiori
1154 2111 1312 2178 impressum
1333 2118 1374 2164 est
1393 2113 1521 2179 sigillum.
1542 2112 1573 2165 ln
1593 2115 1695 2166 collect·

431 2205 499 2254 dom.
520 2201 548 2253 E.
562 2201 709 2268 Lalovslty.

1054 2379 1116 2446 47.

535 2523 610 2571 Anno
635 2519 709 2584 1505,
729 2521 769 2571 22.
790 2519 951 2571 novembris.
977 2505 1097 2571 Cumae.

432 2647 524 2705 Lucas
547 2649 628 2722 episc.
652 2647 772 2722 sagrab.
797 2647 955 2705 Antonium
979 2647 1012 2703 de
1034 2645 1214 2721 Medjurecy'e
1235 2647 1402 2703 canonicum
1429 2647 1546 2720 aegrae.
1571 2647 1614 2703 ad
1629 2655 1692 2720 pro·

634 2761 732 2810 uentus
760 2753 940 2811 canonicales
963 2749 1000 2810 de
1024 2751 1140 2830 cietegro
1154 2751 1354 2825 percipiendos
1376 2752 1492 2813 reducit.

533 2891 741 2952 Venerabiles
754 2890 889 2968 domini,
904 2888 1014 2951 fratres
1027 2889 1126 2951 nostri
1144 2887 1330 2950 charissimi.
1344 2889 1435 2950 Licet
1446 2888 1695 2952 fraternitatibus

428 2996 540 3057 vestris
564 2996 688 3078 pridem
712 2997 948 3079 scripseramus,
966 2994 1054 3076 quod
1078 2995 1266 3077 magistrum
1283 2995 1485 3057 Anthonium
1510 2995 1550 3056 de
1577 2997 1694 3078 Megis-

427 3103 542 3186 rechye
562 3103 825 3186 ,concanonicum
851 3115 882 3163 et
910 3101 1038 3164 fratrem
1061 3113 1201 3162 vestrum
1218 3121 1234 3162 e
1251 3100 1359 3162 medio
1375 3101 1470 3163 vestri
1487 3101 1695 3164 exclusissetis

427 3223 458 3272 et
473 3229 586 3272 omnes
603 3223 777 3292 proventus
793 3209 893 3291 ipsius
910 3209 943 3270 in
958 3207 1097 3270 sacristia
1114 3207 1376 3284 conservassetis;
1393 3221 1501 3269 tamen
1519 3207 1694 3282 infirmitati

426 3335 482 3378 sue
507 3315 742 3396 compacientes
766 3315 996 3376 committimus
1020 3312 1122 3392 vobis,
1147 3325 1182 3373 ut
1207 3311 1347 3374 eundem
1371 3314 1465 3374 vestri
1490 3313 1523 3374 in
1547 3315 1690 3375 medium

426 3421 600 3483 admittatis
631 3435 661 3482 et
693 3439 806 3482 omnes
836 3432 1009 3502 proventus
1038 3418 1096 3500 ipsi
1121 3418 1346 3499 provenientes
1368 3418 1519 3500 deinceps
1543 3419 1694 3482 reddatis.

427 3529 472 3590 Ex
498 3548 568 3588 arce
592 3539 699 3588 nostra
723 3526 901 3588 chasmensi
925 3526 1057 3586 sabbato
1082 3523 1115 3584 in
1139 3521 1220 3584 festo
1245 3525 1336 3585 beate
1360 3523 1480 3584 Cecilie
1506 3525 1642 3607 virgInis
1665 3538 1694 3586 et

425 3634 574 3696 martiris.
609 3653 700 3713 ¹505·

534 3739 636 3800 Lucas
661 3738 829 3820 episcopus

573 3826 708 3888 ecclesie
733 3825 958 3908 zagrabiensis.

531 3949 565 4014 (Α
585 3950 688 4014 tergo).
713 3931 960 3994 Venerabilibus
984 3931 1124 3994 dominis
1149 3931 1290 4013 capitulo
1315 3931 1448 3993 ecclesie
1464 3944 1572 3991 nostre
1588 3949 1696 4012 zogra-

424 4039 553 4117 biensis‚
577 4037 725 4100 fratribus
750 4038 865 4100 nostris
889 4036 1092 4101 charissimis.

530 4162 666 4227 Originale
692 4161 719 4212 in
744 4161 877 4224 chartae
903 4165 981 4225 tergo
1007 4159 1135 4229 sigillum.
1161 4160 1188 4211 ln
1208 4159 1306 4212 archiv.
1326 4173 1384 4212 ven.
1406 4159 1492 4224 Capit.
1513 4161 1622 4224 zagrab.
1640 4159 1695 4210 Act.

425 4250 488 4313 Cap.
508 4255 560 4301 ant.
580 4250 643 4302 fasc.
663 4251 704 4301 91.
726 4263 764 4300 nr.
783 4250 825 4302 46.

1023 4425 1087 4490 48.

528 4541 601 4588 Anno
623 4537 701 4591 1505.
728 4539 753 4589 ln
774 4537 951 4590 Kristalovec.

422 4655 588 4730 Stephanus
619 4659 768 4717 Brodarc'c‘
796 4677 816 4714 a
838 4659 919 4716 Luca
942 4659 1022 4732 episc.
1047 4658 1166 4730 zagrab.
1187 4665 1311 4730 pressus,
1336 4656 1481 4712 auxilium
1510 4655 1548 4711 ab
1571 4651 1690 4714 Alberto

657 4765 690 4822 de
714 4764 798 4821 Kasu
814 4765 980 4837 praeposito
1003 4763 1111 4819 maiore
1134 4762 1320 4834 zagrabiensi
1330 4761 1462 4835 flagelat.

528 4901 708 4983 Stephanus
740 4901 943 4962 Brodaricius
976 4901 1084 4962 scribit
1114 4899 1248 4961 Alberto
1275 4900 1461 4982 Praeposito
1487 4899 1613 4980 majori,
1638 4918 1689 4959 ca·

428 5009 547 5069 nonico
570 5008 766 5088 zagrabiensi
786 5027 822 5067 ex
841 5007 1075 5068 Cristalovecz:
1096 5006 1148 5067 »ln
1169 5007 1229 5067 hoc
1250 5025 1323 5067 meo
1341 5006 1547 5067 acerbissimo
1565 5007 1694 5086 negorio

428 5125 458 5172 et
481 5133 585 5191 causa,
610 5127 784 5194 postquam
809 5131 911 5194 nuper
928 5113 973 5173 nil
987 5113 1072 5193 apud
1089 5113 1277 5194 episcopum
1294 5112 1534 5193 zagtabiensem
1551 5124 1695 5192 poteram
