3732 5802
628 504 702 565 Doc.
726 519 780 584 94.
805 537 847 548 --
872 506 929 566 An.
954 516 1037 579 1511,
1406 528 1463 589 ¹⁰3

193 732 315 794 eodem
339 732 439 794 modo
464 731 545 792 sicut
576 729 717 813 prelatus
739 730 884 793 Andreas
915 731 1072 794 litteratus
1098 733 1221 814 primus
1249 733 1346 795 testis.
1372 733 1465 813 ltem,

192 838 316 900 nobilis
341 837 518 920 Gregorius
549 837 696 899 Kersthal
728 837 768 898 de
801 836 1008 920 Glawnycza,
1033 838 1167 917 vicinus,
1191 837 1312 920 juratus
1335 853 1367 901 et
1390 859 1462 902 exa·

192 943 347 1023 minatus,
367 942 469 1006 lassus
490 956 536 1004 est
558 943 639 1005 scitu
661 963 718 1025 per
738 943 848 1006 omnia
871 957 906 1005 ut
928 944 1051 1026 primus
1073 945 1170 1025 testis,
1190 944 1322 1027 dempto
1341 944 1413 1025 hoc,
1430 959 1465 1008 ut

190 1049 216 1109 si
246 1049 335 1111 cives
358 1051 478 1112 montis
502 1047 670 1112 Grecensis
692 1049 725 1110 in
749 1069 822 1111 area
845 1050 1011 1132 capitulari
1035 1049 1183 1112 fecissent
1205 1051 1400 1113 mercancias
1423 1071 1463 1113 an

190 1173 273 1234 non,
295 1156 336 1217 de
360 1157 478 1237 quibus
500 1175 533 1218 ae
558 1156 704 1237 ignorare
728 1155 814 1218 dicit.
835 1156 924 1235 ltem,
943 1156 1063 1218 nobilis
1086 1157 1246 1239 Georgius
1271 1157 1311 1219 de
1333 1156 1463 1235 Pathak,

190 1261 489 1344 comprovincialis,
512 1261 632 1344 juratus
663 1273 694 1322 et
724 1262 932 1342 examinatus,
957 1261 1058 1323 fassus
1089 1275 1136 1324 est
1158 1263 1238 1324 scitu
1264 1281 1321 1345 per
1344 1263 1463 1342 omnia,

190 1381 226 1428 ut
258 1367 385 1450 primus
416 1368 514 1430 testis.
544 1366 633 1448 Item,
657 1367 802 1429 Andreas
836 1367 876 1429 de
903 1369 1082 1452 Zawersya,
1106 1369 1224 1430 nobilis
1247 1369 1287 1429 de
1310 1369 1463 1430 comitatu

190 1473 411 1553 tvarasdiensi,
435 1473 556 1556 juratus
586 1487 617 1536 et
648 1474 857 1553 examinatus,
881 1473 982 1536 lassus
1013 1487 1060 1536 est
1094 1473 1175 1536 scitu
1205 1493 1263 1556 per
1293 1474 1404 1536 omnia
1427 1487 1462 1536 ut

189 1579 340 1642 Andreas
363 1580 520 1642 litteratus
542 1581 665 1662 primus
688 1581 785 1642 testis.
808 1581 897 1659 Item,
913 1581 1032 1642 nobilis
1050 1579 1209 1663 Georgius
1226 1579 1265 1642 de
1284 1579 1461 1663 Schytari0,

188 1686 329 1765 vicinus,
353 1686 475 1768 juratus
498 1699 529 1747 et
547 1685 756 1765 examinatus,
777 1683 878 1746 fassus
901 1698 948 1747 est
970 1686 1051 1748 scitu
1074 1705 1131 1768 per
1152 1686 1261 1747 omnia
1278 1685 1323 1747 uti
1340 1686 1462 1767 primus

188 1792 281 1853 testis
314 1791 465 1853 videlicet
487 1791 632 1854 Andreas
664 1791 831 1854 litteratus.
857 1791 945 1870 Item,
969 1791 1088 1853 nobilis
1120 1790 1243 1874 Gaspar
1271 1789 1461 1876 Kyssewyth

188 1895 231 1960 de
259 1899 455 1980 Lomnycza,
478 1897 614 1976 vicinus,
637 1897 758 1978 juratus
786 1911 817 1959 et
841 1897 1050 1976 examinatus,
1074 1895 1175 1958 fassus
1199 1909 1255 1976 est,
1281 1897 1368 1979 quod
1392 1899 1460 1979 ipse

189 2003 359 2064 evidenter
390 2003 494 2084 sciret,
518 2003 606 2085 quod
639 2003 742 2064 dictus
775 2003 956 2086 Stephanus
987 2003 1145 2066 Kewlked
1178 2003 1281 2065 tenuit
1305 2003 1337 2064 in
1361 2003 1461 2065 domo

187 2128 251 2170 suo
275 2108 421 2172 boltham
454 2128 489 2170 ac
513 2127 626 2170 omnes
657 2109 852 2170 mercantias
876 2109 908 2170 in
933 2107 1045 2170 eadem
1074 2107 1186 2170 habuit
1210 2120 1240 2170 et
1262 2107 1361 2169 libere
1385 2129 1460 2169 ven-

189 2214 286 2293 didit,
312 2227 343 2276 et
374 2216 474 2277 eciam
509 2215 541 2276 in
570 2215 653 2277 dicta
682 2214 781 2276 domo
809 2213 976 2298 hospitalis
999 2228 1105 2277 sancte
1130 2214 1295 2276 Elizabeth
1320 2213 1461 2276 forenses

188 2321 353 2400 homines,
377 2333 443 2381 tam
479 2319 518 2381 de
553 2321 697 2402 partibus
731 2321 909 2400 maritimis,
937 2341 1036 2402 quam
1071 2320 1173 2382 eciam
1208 2319 1247 2382 de
1280 2321 1460 2400 Alemania,

188 2426 416 2488 conduxerunt
441 2425 567 2488 bolthas
591 2439 622 2487 et
645 2425 761 2487 domos
785 2439 816 2487 et
840 2426 1002 2488 variorum
1031 2445 1185 2508 generum
1210 2426 1403 2488 mercancias
1426 2427 1459 2487 in

187 2532 313 2595 eisdem
339 2531 520 2594 habuerunt
544 2546 574 2593 et
597 2532 697 2594 libere
721 2551 846 2614 semper
875 2531 1089 2594 vendiderunt
1112 2533 1180 2594 aine
1203 2531 1311 2613 aliqua
1336 2544 1459 2593 contra-

186 2639 337 2701 diccione
377 2651 409 2700 et
443 2638 667 2721 prohibicione
702 2639 862 2701 dictorum
896 2639 1014 2700 civium
1050 2638 1133 2700 dicte
1169 2615 1305 2700 civitatis
1339 2637 1460 2699 montis

186 2744 361 2807 Grecensis
396 2757 427 2806 et
458 2744 546 2826 quod
580 2743 687 2806 forum
719 2744 958 2826 quottidianum
990 2763 1117 2826 semper
1147 2744 1246 2805 libere
1279 2743 1460 2805 habuerunt

186 2851 249 2934 ipsi
280 2849 473 2932 capitulares
503 2851 536 2911 in
568 2851 710 2933 ipsorum
744 2869 816 2912 area
850 2850 1016 2932 capitulari
1050 2850 1118 2911 sine
1148 2849 1405 2912 contradiccione
1429 2863 1460 2911 et

186 2957 435 3039 impedimento.
469 2955 558 3034 Item,
594 2956 713 3018 nobilis
749 2955 908 3037 Georgius
944 2955 1211 3038 lambrekowych
1246 2955 1285 3016 de
1321 2955 1459 3035 Zlathar,

185 3062 481 3144 comprovincialis,
504 3061 625 3143 juratus
655 3074 686 3123 et
719 3063 928 3140 examinatus,
957 3060 1056 3122 lassus
1089 3075 1135 3123 est
1161 3080 1218 3143 per
1246 3061 1355 3123 omnia
1378 3062 1459 3123 scitu

188 3185 225 3231 ut
256 3167 400 3252 prelatus
432 3167 556 3250 Gaapar
588 3167 792 3249 Kessewych,
826 3168 915 3228 testis
945 3167 1066 3228 scilicet
1099 3167 1243 3250 proxime
1274 3167 1458 3248 precedens.

184 3275 264 3337 ltem
289 3274 408 3336 nobilis
432 3274 559 3334 Marcus
583 3272 703 3356 Ersych
729 3273 768 3334 de
795 3271 952 3354 Gorycza,
977 3273 1268 3355 comprovincialis,
1284 3273 1404 3355 juratus
1428 3287 1458 3335 et

185 3380 399 3458 examinatus,
418 3377 518 3441 fassus
542 3393 589 3440 est
612 3400 669 3462 per
692 3380 801 3440 omnia
826 3392 861 3440 ut
883 3377 1006 3460 Gaapar
1023 3378 1227 3460 Kessewych.
1246 3378 1322 3440 ltem
1340 3379 1458 3440 nobilis

186 3486 367 3567 Gregorius
385 3484 550 3568 Swsthych
576 3485 616 3546 de
634 3484 841 3568 Glawnycza,
860 3485 994 3564 vicinus,
1010 3484 1132 3567 juratus
1148 3497 1179 3546 et
1195 3485 1457 3564 examaminatus,

186 3590 289 3654 fassus
305 3606 352 3654 est
366 3593 446 3654 scitu
463 3611 520 3675 ρετ
535 3592 644 3653 omnia
662 3605 697 3652 ut
714 3589 838 3675 Gaspar
854 3590 1058 3673 Kessewych.
1074 3591 1150 3652 ltem
1169 3591 1287 3652 Paulus
1301 3589 1456 3652 Horwath

185 3697 360 3781 lglychych
385 3698 424 3760 de
453 3698 589 3776 Tilinio,
614 3697 905 3779 comprovincialis,
929 3697 1049 3778 juratus
1081 3709 1111 3758 et
1135 3696 1333 3758 examinatus
1357 3694 1457 3758 fassus

185 3819 243 3882 est,
279 3803 368 3885 quod
400 3805 466 3886 ipse
498 3824 516 3865 a
546 3803 688 3886 puericia
719 3822 776 3864 sua
808 3803 840 3864 in
873 3803 934 3864 hoc
967 3822 1066 3884 regno
1098 3802 1269 3864 Sclauonie
1303 3801 1457 3864 educatus

184 3907 309 3988 luisset,
334 3923 365 3971 et
388 3909 478 3991 quod
500 3929 574 3971 cum
596 3909 742 3972 Johanne
760 3909 905 3972 Coruino
923 3908 1004 3970 duce
1022 3907 1159 3969 venisset
1175 3907 1215 3969 ad
1232 3908 1456 3990 occupandum

185 4017 342 4077 baustum
378 4027 409 4077 et
443 4016 553 4077 omnia
587 4017 764 4078 necessaria
800 4028 831 4078 et
865 4014 1061 4077 mercancias
1100 4014 1350 4096 competenciori
1385 4013 1456 4076 loro

184 4135 335 4184 emerunt
358 4121 391 4183 in
416 4120 557 4203 capitulo
582 4140 679 4202 quam
704 4122 736 4184 in
760 4122 886 4184 civitate
910 4121 1029 4182 montis
1054 4119 1233 4198 Grecensis,
1254 4120 1316 4180 alia
1341 4118 1457 4181 fatetur

184 4247 243 4310 per
267 4227 378 4289 omnia
410 4228 491 4289 scitu
516 4239 551 4289 ut
575 4227 699 4310 Gaapar
733 4226 936 4310 Kessewych.
962 4227 1040 4288 ltem
1068 4227 1216 4308 egregius
1239 4225 1392 4287 Nicolaus
1415 4225 1455 4286 de

183 4334 340 4415 Pezeryo,
365 4332 462 4414 judex
484 4333 644 4396 nobilium
661 4334 737 4396 dicti
754 4333 924 4396 comitatus
940 4333 1166 4414 zagrabiensis,
1183 4331 1318 4409 vicinus,
1335 4330 1456 4412 juratus

185 4452 218 4501 et
241 4439 452 4517 examinatus,
477 4437 577 4501 fassus
601 4453 647 4500 est
670 4460 726 4522 per
749 4439 858 4501 omnia
882 4438 963 4500 scitu
984 4439 1075 4500 sicuti
1104 4436 1227 4520 Gaapar
1251 4436 1454 4518 Kessewych.

184 4546 265 4606 ltem
299 4543 462 4626 Georgius
491 4545 645 4607 Horwath
680 4545 720 4606 de
744 4545 932 4606 Donlrowcz
957 4545 1102 4626 provisor
1133 4544 1219 4605 curie
1255 4544 1456 4626 episcopatus

183 4651 401 4733 zagrabiensis
432 4651 464 4712 in
493 4649 554 4713 hoc
588 4671 688 4734 regno
721 4651 891 4722 Sclauonie
923 4670 940 4712 a
972 4650 1112 4733 puericia
1134 4650 1297 4729 educatus,
1321 4649 1454 4728 vicinus,

183 4756 308 4839 juratus
332 4769 363 4818 et
386 4757 595 4837 examinatus,
620 4757 720 4820 fassus
745 4770 791 4820 est
814 4757 895 4818 scitu
918 4777 975 4839 per
1000 4758 1109 4818 omnia
1133 4770 1169 4819 ut
1193 4756 1316 4839 Gaspar
1330 4756 1454 4819 ‘Kesse-

185 4861 291 4946 wych,
308 4861 434 4924 addidit
458 4863 597 4946 insuper,
615 4863 703 4945 quod
727 4863 824 4924 etiarn
847 4863 879 4924 in
901 4863 1047 4924 tentoriis
1068 4863 1100 4924 in
1116 4863 1240 4925 theatro
1258 4862 1455 4943 zagrabiensi

184 4969 253 5030 sive
278 4988 350 5030 area
375 4969 553 5051 capitulari,
569 4983 634 5030 tam
658 4982 801 5051 tempore
827 4969 1089 5050 congregacionis
1105 4967 1340 5050 regnicolarum
1358 4987 1454 5050 quam
