3808 5792
427 486 489 568 238
843 492 915 552 Dor.
939 489 1012 566 189.
1038 524 1076 534 -
1101 493 1159 552 An.
1183 504 1271 570 1524.

1018 718 1103 784 189.

531 877 608 926 Anno
631 873 705 926 1524.
727 876 750 928 7.
771 875 906 928 februarii.
924 874 1082 941 Zagrabiae.

430 1001 533 1060 Coram
557 1005 684 1076 capetulo
706 1004 828 1082 angrnb.
853 1005 946 1077 legali
958 1006 1166 1062 comrrmm'tatis
1180 1007 1306 1064 civitatis
1327 1014 1428 1064 contra
1451 1025 1684 1084 unumquemque,

417 1111 575 1182 praecipue
597 1117 697 1166 contra
721 1110 925 1182 margaretam
951 1110 1070 1184 Hemirg
1089 1119 1120 1169 et
1141 1111 1317 1185 Stephanum
1340 1112 1491 1170 Deesltozi
1510 1115 1564 1187 qui
1584 1115 1686 1173 Petro·

426 1216 525 1272 ot'nnm
537 1222 566 1272 et
581 1195 806 1293 dilsirkove'nom,
810 1221 1006 1289 possessiones
1028 1219 1154 1274 ‘esuriatis
1165 1218 1319 1294 vindicant,
1329 1220 1552 1276 intercessionem
1558 1223 1685 1294 faciunt.

530 1355 596 1416 Nos
619 1355 795 1436 capitulum
819 1353 950 1417 ecclesie
975 1356 1199 1437 zagrabiensis.
1232 1357 1388 1418 Memorie
1421 1359 1685 1420 commendamus

424 1481 481 1542 per
504 1475 675 1544 presentes,
709 1461 796 1542 quod
830 1461 957 1523 nobiles
991 1476 1021 1523 et
1045 1462 1265 1544 circumspecti
1299 1462 1436 1524 Michael
1469 1462 1574 1544 judex,
1609 1464 1687 1526 alter

426 1567 562 1630 Michael
588 1567 810 1650 Opprasnych‚
836 1568 1001 1630 Emericus
1025 1568 1180 1630 litteratus
1198 1583 1228 1631 et
1246 1570 1371 1630 Marcus
1389 1569 1532 1652 Posegay
1548 1571 1687 1632 seniores

424 1673 546 1754 judices
569 1687 600 1734 et
622 1674 706 1736 cives
730 1673 866 1735 civitatis
889 1675 1008 1736 montis
1031 1673 1202 1737 Grecensis
1225 1675 1256 1736 in
1273 1675 1339 1736 suis
1362 1694 1398 1736 ac
1419 1675 1521 1736 tocius
1545 1695 1685 1737 commu-

423 1780 529 1840 nitatis
553 1779 689 1841 civitatis
713 1780 857 1842 eiusdem
883 1781 1029 1862 personis
1052 1795 1192 1842 nostram
1219 1781 1427 1862 personaliter
1459 1782 1622 1843 venientes
1653 1783 1684 1842 in

423 1887 631 1967 presenciam,
655 1887 893 1948 serenissimum
917 1887 1095 1969 principem
1128 1901 1159 1948 et
1182 1887 1363 1964 dominum,
1387 1887 1554 1948 dominum
1581 1888 1686 1950 Ludo·
1771 1911 1774 1916 ¹

422 1991 531 2053 uicum
555 1992 606 2053 dei
630 1993 735 2073 gracia
760 2012 869 2073 regem
884 1993 1048 2074 Hungarie
1066 2007 1097 2054 et
1110 1993 1264 2054 Bohemie
1282 2005 1340 2056 etc.
1355 1992 1523 2054 dominum
1542 2007 1685 2054 nostrum

421 2097 734 2177 gratiosissimuma
769 2099 960 2176 donacione,
992 2099 1171 2160 collacione
1202 2113 1232 2159 et
1265 2118 1438 2160 consensus
1461 2097 1685 2174 adhibicione;

421 2203 624 2284 magnificam
649 2223 725 2265 vero
742 2203 909 2266 dominam
929 2204 1162 2285 Margaretham
1180 2204 1353 2286 Hennyng‚
1371 2203 1531 2284 magnifici
1549 2205 1685 2265 condam

422 2309 576 2370 iohannis
612 2309 725 2392 Banffy
761 2309 800 2371 de
835 2309 1002 2372 Bolondos
1037 2311 1181 2372 relictam
1217 2329 1252 2370 ac
1288 2309 1450 2391 egregium
1488 2309 1685 2389 Stephanum

422 2415 587 2498 Deeshazy
599 2429 630 2478 et
641 2435 830 2498 generosam
841 2416 1006 2478 dominam
1018 2421 1145 2478 Annam
1157 2430 1313 2493 vocatam,
1330 2427 1511 2477 consortem
1529 2415 1684 2493 eiusdem,

421 2522 567 2604 aliosque
577 2522 738 2603 quoslibet
749 2523 888 2584 cuiusvis
900 2536 1010 2599 status,
1026 2522 1224 2584 condicionis
1241 2535 1272 2582 et
1287 2521 1523 2603 preeminencie
1540 2520 1686 2583 homines

421 2629 461 2689 ab
485 2629 712 2709 occupacione,
737 2627 927 2690 detencione
951 2641 982 2689 et
1005 2628 1251 2690 conservacione
1276 2627 1424 2688 toralium
1447 2627 1684 2709 possessionum

423 2733 633 2815 Pethrowyna
645 2748 675 2794 et
685 2734 900 2816 Sylalrowyna
910 2751 1095 2796 vocatarum
1113 2734 1145 2796 in
1162 2734 1316 2795 comitatu
1332 2733 1530 2814 zagrabiensi
1549 2733 1683 2794 existen·

420 2839 503 2900 cium
529 2839 589 2919 juri
614 2840 791 2902 eorundem
816 2841 1064 2921 protestanciurn
1089 2841 1306 2922 spectantium
1323 2853 1353 2899 et
1383 2839 1540 2920 pertinere
1565 2839 1683 2899 deben-

420 2945 506 3007 cium
530 2965 628 3027 seque
653 2947 738 3029 ipsos
762 2946 877 3027 quovis
912 2947 1070 3027 exquisito
1098 2947 1206 3007 colore
1230 2947 1262 3006 in
1295 2945 1477 3006 dominium
1510 2944 1684 3005 earundem

420 3052 657 3135 possessionum
681 3067 712 3114 et
735 3071 865 3113 suarum
901 3053 1170 3134 pertinentiarum
1202 3037 1453 3126 intromissione,
1489 3049 1684 3130 ascripcioue

420 3175 451 3221 et
474 3159 733 3240 perpetuacione,
758 3178 939 3240 usuumque
964 3173 994 3221 et
1018 3158 1179 3220 fructuum
1203 3177 1239 3218 ac
1263 3155 1482 3238 quarumlibet
1506 3155 1684 3215 utilitatum

421 3265 607 3328 earumdem
632 3265 841 3346 percepcione
865 3284 921 3326 seu
946 3263 1206 3348 percipilactione
1239 3261 1329 3324 factis
1361 3260 1611 3342 quomodolibet
1633 3260 1685 3320 vel

419 3373 533 3435 fiendis
556 3371 685 3454 publice
721 3385 752 3432 et
775 3369 943 3432 manifeste
982 3371 1189 3432 inhibuerunt
1222 3366 1474 3430 contradicendo
1507 3379 1539 3428 et
1562 3379 1685 3426 contra-

419 3480 567 3540 dixerunt
591 3476 767 3538 inhibendo
792 3475 904 3536 harum
930 3490 1109 3538 nostrarum
1126 3475 1237 3556 vigore
1254 3487 1285 3535 et
1300 3473 1485 3534 testimonio
1508 3472 1682 3533 litterarum

419 3586 592 3648 mediante.
617 3584 734 3643 Datum
752 3582 803 3642 die
821 3581 985 3643 dominico
1004 3581 1150 3663 proximo
1167 3594 1238 3662 post
1267 3579 1381 3640 lestum
1398 3591 1504 3639 sancte
1523 3577 1683 3638 Dorothee

420 3691 550 3772 virginis
574 3703 605 3751 et
629 3689 775 3750 martiris.
801 3693 896 3750 Anno
913 3687 1036 3748 domini
1061 3687 1235 3749 millesimo
1251 3684 1511 3766 quingentesimo
1528 3683 1683 3764 vigesimo

418 3811 542 3879 quarta.

525 3919 662 3984 Originsle
681 3919 706 3970 in
727 3919 826 3969 charta.
854 3919 970 3981 Atergo
997 3915 1138 3979 vestigium
1166 3912 1289 3976 impressi
1315 3911 1407 3976 sigilli.
1433 3907 1461 3961 In
1499 3910 1595 3960 archiv.
1625 3909 1683 3962 incl.

419 4011 504 4058 Accad
533 4009 625 4059 scient.
646 4005 749 4059 Slavor.
774 4006 864 4057 meriti.
