3900 5804
703 565 821 623 Sittium
846 567 1144 628 Praebendnrinrum,
1496 589 1551 647 301

334 669 371 675 -....
400 671 1016 678 ———-.——-----—-—-..—--——.--
1034 673 1072 678 ---
1092 673 1536 682 --——--.---—-.———-..-—-.
1546 675 1551 682 n

292 803 399 852 noster
423 791 589 872 invigilare
606 791 745 869 debebit,
763 792 1012 874 huiusmodique
1030 793 1260 872 negligentiam
1279 814 1332 874 per
1349 797 1556 877 quemppiam

292 916 328 957 ex
354 895 502 958 fratribus
525 898 673 979 supplere
699 897 802 976 faciat,
827 899 1044 980 negligentem
1069 919 1145 958 vero
1171 919 1228 980 pro
1253 901 1378 980 singula
1405 921 1458 982 per
1483 922 1555 962 eum

292 1003 436 1083 neglecta
467 1002 563 1064 missa
594 1003 625 1064 in
669 1003 803 1084 singulis
834 1005 946 1065 decem
978 1005 1089 1065 solidis
1121 1005 1382 1085 hungaricalibus
1411 1007 1555 1068 mulctari

292 1108 431 1169 debebit.
456 1108 604 1182 Quorum
622 1129 719 1170 unam
736 1124 859 1191 partem
876 1111 992 1171 dicenti
1011 1110 1195 1172 huiusmodi
1217 1111 1396 1191 neglectam
1415 1113 1556 1190 missam,

292 1214 451 1276 residuam
476 1234 552 1276 vero
576 1215 635 1276 sibi
660 1213 718 1297 ipsi
744 1217 927 1278 reservabit.
953 1217 1060 1290 Quam
1085 1237 1200 1298 penam
1226 1217 1257 1277 in
1282 1217 1353 1278 aliis
1377 1219 1477 1278 eciam
1503 1239 1556 1279 ne-

291 1320 402 1401 glectis
434 1321 538 1380 missis
569 1335 713 1382 nostrum
746 1323 918 1404 collegium
953 1323 1113 1384 ordinarie
1146 1323 1360 1403 tangentibus,
1395 1325 1555 1384 observari

291 1426 441 1487 volumus
465 1428 504 1486 ab
529 1428 680 1488 omnibus
705 1428 944 1490 inviolabiliter.

396 1663 446 1718 De
465 1661 678 1733 peractionibus
695 1669 754 1734 pro
777 1659 918 1733 defunctis
941 1661 1075 1732 episcopis
1100 1662 1214 1717 ratione
1244 1661 1427 1723 decimarum,
1463 1661 1549 1718 iuxta

292 1774 415 1824 tenorem
435 1768 586 1840 privilegii
603 1767 718 1841 prefati
738 1767 850 1824 domini
874 1765 1041 1822 Eberhardi
1061 1769 1190 1839 episcopi.

398 1923 535 1984 Peractis
560 1923 655 2004 igitur
679 1923 730 1983 die
755 1923 916 1983 dominice
950 1923 1093 2002 proxime
1126 1937 1198 2004 post
1230 1921 1379 1983 undecim
1415 1922 1554 1982 millium

292 2027 452 2108 virginum
478 2029 662 2090 immediate
687 2030 849 2109 sequentis
874 2049 1076 2109 vesperarum
1095 2043 1126 2090 et
1152 2027 1353 2109 completorii
1378 2025 1502 2104 officiis,
1515 2027 1555 2087 de

292 2152 380 2193 more
404 2147 435 2194 et
459 2135 688 2195 consvetudine
713 2135 852 2196 universi
886 2134 1012 2194 domini
1045 2133 1156 2195 fratres
1187 2132 1397 2215 personaliter
1429 2132 1554 2193 et‘non

291 2257 347 2319 per
369 2239 479 2318 alium,
505 2240 565 2300 nisi
590 2239 772 2302 infirmitate
796 2241 847 2302 vel
872 2241 948 2301 alias
977 2243 1059 2301 iusto
1084 2241 1328 2322 impediment0,
1352 2241 1555 2316 tenebuntur,

291 2342 331 2402 ad
347 2343 455 2404 locum
480 2360 667 2406 consvetum
692 2347 862 2406 convenire
895 2346 1069 2424 debebunt,
1102 2346 1233 2427 pulsatis
1268 2345 1425 2426 imprimis
1456 2345 1555 2406 maio-

291 2449 378 2510 ribus
401 2452 563 2532 campanis
587 2471 643 2532 per
667 2465 817 2532 quattuor
841 2453 982 2513 iuniores
1007 2451 1116 2514 fratres
1140 2467 1275 2530 nostros,
1294 2451 1343 2512 vel
1362 2470 1417 2532 per
1445 2470 1499 2512 eos
1516 2450 1555 2511 ad

292 2553 322 2614 id
348 2555 379 2615 in
415 2555 557 2637 ipsorum
583 2559 728 2639 expensis
752 2571 892 2638 repertos
920 2573 951 2619 et
967 2559 1193 2619 subordinatos
1217 2557 1375 2634 homines,
1398 2558 1457 2616 sub
1474 2576 1556 2638 pena

291 2661 402 2740 viginti
428 2661 644 2742 denariorum,
670 2677 703 2724 ut
726 2663 806 2724 solet
831 2662 896 2723 fieri
915 2683 972 2745 pro
990 2663 1159 2742 defunctis,
1176 2663 1330 2744 sepulcris
1347 2661 1554 2722 dominorum

291 2767 516 2849 episcoporum
541 2767 765 2829 defunctorum
792 2769 982 2849 lugubribus
1017 2771 1215 2832 vestimentis
1243 2769 1406 2831 adornatis
1429 2782 1459 2829 et
1483 2789 1555 2828 can-

290 2871 371 2934 delis
394 2874 513 2935 circum
538 2895 575 2936 ea
599 2875 761 2950 accensis3
779 2875 913 2936 dicende
930 2889 1022 2937 erunt
1040 2877 1145 2937 statim
1170 2890 1200 2936 et
1228 2875 1413 2936 immediate
1437 2874 1554 2934 sollen-

291 2979 371 3040 niter
394 3000 524 3062 vespere
560 2995 761 3042 mortuorum
786 3000 859 3042 cum
883 2981 1043 3043 collectis:
1069 2983 1171 3064 prima
1196 3001 1254 3063 pro
1281 2979 1440 3041 defunctis
1473 2980 1555 3061 epis·
1629 3017 1631 3022 ·

291 3086 397 3166 copis;
429 3087 579 3163 secunda,
615 3107 672 3168 pro
708 3087 960 3162 commendatis;
996 3089 1091 3149 tercia
1128 3107 1185 3170 pro
1221 3087 1372 3148 omnibus
1408 3085 1556 3147 lidelibus

291 3191 458 3254 defunctis.
497 3193 625 3266 Quibus
657 3194 792 3275 peractis
828 3195 1063 3274 subsequentur
1097 3195 1206 3275 vigilie
1243 3207 1445 3253 mortuorum
1482 3213 1554 3252 curn

291 3317 407 3360 novem
443 3299 635 3362 lectionibus
659 3320 695 3360 ac
731 3300 833 3361 solitis
869 3302 1078 3382 responsoriis
1113 3316 1144 3362 et
1178 3298 1309 3381 prelatis
1344 3297 1554 3358 orationibus.

292 3403 431 3466 Demum
454 3404 532 3467 feria
564 3407 703 3468 secunda
739 3420 854 3467 extunc
891 3407 1047 3487 sequenti,
1083 3427 1187 3484 mane,
1212 3406 1300 3466 linita
1335 3404 1430 3464 missa
1465 3405 1555 3464 beate

292 3511 422 3591 virginis
446 3525 476 3571 et
499 3525 625 3592 peracta
654 3513 756 3594 prima
789 3511 951 3590 horarum,
984 3513 1122 3573 universi
1155 3512 1279 3572 domini
1305 3509 1424 3586 fratres,
1457 3508 1555 3569 modo

291 3615 425 3698 prelato,
450 3619 653 3696 conveniant,
685 3632 715 3678 et
751 3618 916 3699 epitogiati
942 3619 1036 3679 misse
1071 3617 1179 3679 ollicio
1213 3638 1269 3700 per
1302 3615 1471 3676 dominum
1501 3615 1555 3674 de-

291 3742 405 3784 canum
430 3737 584 3803 nostrum,
609 3725 659 3786 vel
684 3725 783 3785 alium
809 3724 995 3805 quempiam
1020 3745 1057 3785 ex
1081 3725 1271 3801 senioribus,
1295 3729 1346 3788 cui
1387 3729 1472 3790 idem
1499 3729 1555 3789 do-

291 3829 396 3890 minus
420 3829 559 3891 decanus
594 3831 719 3892 iusserit
746 3830 891 3902 dicende,
925 3831 1081 3909 intersint,
1114 3831 1164 3891 cui
1202 3832 1266 3892 duo
1302 3853 1339 3894 ex
1376 3835 1555 3896 iunioribus

292 3933 440 3996 fratribus
463 3937 622 3997 astabunt.
660 3937 732 4010 Qua
768 3936 955 3998 sollenniter
990 3936 1087 4012 finita,
1126 3937 1212 3997 idem
1246 3938 1389 4020 pontifex
1426 3941 1555 4001 indutus

292 4062 390 4124 cappa
415 4043 516 4123 nigra,
540 4062 636 4124 quem
666 4043 788 4103 domini
824 4041 934 4104 fratres
964 4043 1243 4125 processionaliter
1276 4045 1457 4126 precedant,
1482 4066 1554 4108 cum

291 4147 415 4208 vexillis
438 4168 473 4208 ac
498 4148 628 4209 incenso
664 4162 694 4208 et
719 4168 801 4229 aqua
834 4148 1000 4210 benedicta
1025 4149 1221 4230 aspergenda
1253 4171 1348 4232 super
1377 4152 1556 4234 sepulchra,

291 4255 520 4316 circumeundo
544 4255 709 4316 ecclesiam
734 4257 773 4316 ab
792 4256 885 4332 intus,
910 4255 1061 4316 omnibus
1085 4257 1285 4317 cantantibus
1316 4257 1554 4338 responsorium

294 4361 454 4420 »Absolve
472 4360 603 4422 domine
621 4361 743 4421 animas
769 4379 900 4421 eorumc
921 4374 999 4436 etc.;
1024 4381 1096 4422 curn
1116 4361 1283 4423 versiculo.
1307 4364 1433 4434 Quibus
1450 4362 1556 4442 linitis,

290 4467 396 4527 statim
423 4467 577 4547 legendus
602 4481 648 4528 est
672 4466 814 4548 psalmus
840 4465 907 4527 »De
941 4467 1110 4548 profundis
1142 4467 1307 4546 clamavi«
1334 4482 1403 4547 etc.,
1428 4482 1458 4530 et
1491 4470 1555 4530 col-

291 4572 371 4632 lecta
396 4593 453 4652 pro
478 4572 637 4634 defunctis
662 4573 829 4654 episcopis.

396 4787 445 4844 De
467 4787 591 4844 dicendis
615 4789 709 4844 missis
726 4791 936 4861 persingulas
951 4788 1077 4860 fratres.

397 4925 483 4987 luxta
508 4925 751 4987 ordinacionem
776 4925 888 5008 prefati
915 4927 1072 5008 privilegii
1098 4926 1213 4988 eodem
1238 4927 1290 4989 die
1308 4926 1384 4989 ferie
1402 4929 1554 5008 secunde,

291 5031 431 5092 universi
455 5031 565 5094 fratres
588 5033 742 5114 speciales
766 5033 877 5094 missas
901 5053 958 5114 pro
995 5033 1153 5094 defunctis
1177 5034 1335 5116 episcopis
1359 5055 1415 5116 per
1446 5055 1478 5096 se
1503 5036 1554 5097 vel
