3732 5802
431 524 487 588 132
845 499 917 563 Doc.
942 519 1009 582 113.
1035 539 1076 548 -
1100 505 1155 566 An.
1180 515 1266 580 1515.
1475 593 1480 602 Ι
1681 551 1700 580 ,

426 736 554 816 pulsum
587 753 702 813 magne
734 753 887 814 campane
919 731 1133 814 capitulariter
1160 732 1342 813 congregati
1369 730 1547 809 fuissemus,
1571 745 1693 792 tunce

427 841 535 902 medio
560 841 657 901 nostri
683 859 838 920 exurgens
863 839 1053 900 venerabilis
1077 838 1227 918 magister
1244 837 1429 918 Gregorius,
1446 837 1695 898 archidiaconus

427 947 466 1008 de
502 947 634 1024 Waslra,
667 947 772 1007 socius
806 958 836 1006 et
870 945 1105 1007 concanonicus
1140 957 1246 1006 noster
1282 945 1386 1022 nobis,
1417 964 1452 1004 ea
1484 963 1547 1024 qua
1584 943 1695 1004 decuit

428 1054 607 1117 reverencia
640 1053 802 1134 exposuit:
836 1051 923 1132 quod
949 1071 1019 1112 cum
1046 1052 1113 1132 ipse
1136 1072 1173 1111 ex
1198 1051 1327 1132 speciali
1353 1069 1508 1111 consensu
1535 1063 1567 1110 et
1590 1068 1695 1109 annu·

428 1161 517 1222 encia
542 1173 648 1220 nostra
676 1159 715 1220 ad
741 1159 840 1218 divini
868 1159 971 1219 cultus
995 1171 1203 1238 augmentum
1229 1171 1259 1220 et
1283 1157 1478 1237 singularem
1505 1155 1696 1216 devocionis

427 1265 574 1326 aflectum
600 1285 635 1326 ac
657 1284 714 1346 pro
732 1264 962 1325 consecucione
979 1263 1103 1325 celestis
1119 1264 1219 1345 patrie
1236 1265 1334 1324 altare
1351 1277 1458 1324 sancte
1476 1275 1507 1323 et
1525 1261 1695 1322 individue

427 1371 593 1433 Trinitatis
628 1390 663 1432 ac
698 1371 839 1452 corporis
871 1369 989 1432 Christi
1025 1371 1106 1430 circa
1138 1369 1301 1451 quandam
1337 1370 1522 1432 columnam
1560 1367 1696 1428 ecclesie

429 1491 534 1539 nostre
566 1477 755 1539 cathedralis
786 1476 1006 1537 intermediam
1039 1477 1196 1552 erexisset,
1222 1489 1252 1537 et
1280 1476 1311 1536 in
1338 1475 1452 1537 eodem
1478 1473 1558 1536 duas
1582 1473 1697 1534 missas

428 1584 563 1664 singulis
595 1583 784 1645 ebdomadis
813 1583 845 1643 in
870 1597 1059 1664 perpetuum
1084 1582 1290 1642 celebrandas
1314 1602 1353 1643 eo
1377 1597 1533 1663 tempore,
1558 1580 1637 1642 dum
1663 1579 1696 1640 in

429 1689 562 1751 ecclesia
587 1709 642 1770 per
659 1688 906 1750 ebdomadarios
922 1701 953 1749 et
969 1687 1103 1749 chorum
1121 1689 1222 1768 prima
1240 1688 1373 1764 dicitur;
1391 1687 1526 1770 primam
1545 1686 1698 1747 videlicet

430 1796 558 1856 missam
585 1795 623 1855 ad
649 1794 790 1872 laudem,
814 1794 949 1875 gloriam
978 1808 1009 1855 et
1032 1793 1188 1855 honorem
1212 1807 1318 1855 sancte
1343 1808 1374 1855 et
1396 1792 1560 1854 individue
1586 1792 1697 1852 Trini-

429 1902 512 1979 tatis,
536 1901 625 1962 cuius
657 1900 794 1962 secunda
827 1899 959 1961 collecta
983 1901 1023 1962 de
1052 1900 1184 1981 angelis,
1210 1901 1305 1961 tercia
1330 1901 1369 1962 de
1394 1900 1546 1961 omnibus
1569 1898 1697 1974 sanctis,

430 2019 559 2088 quarta:
585 2008 692 2068 Presta
725 2026 898 2087 quesumus
926 2006 1057 2067 domine
1086 2018 1120 2066 ut
1143 2006 1248 2066 anime
1273 2004 1466 2066 famulorum
1493 2019 1625 2066 tuorum
1649 2023 1697 2064 sa·

430 2113 595 2174 cerdotum
629 2126 659 2173 et
687 2112 886 2190 clericorum,
911 2113 1022 2192 quinta
1047 2111 1086 2172 ad
1111 2111 1264 2192 placitum
1289 2111 1487 2174 celebrantis.
1514 2109 1697 2172 Secundam

430 2239 506 2280 vero
538 2219 667 2280 missam
697 2219 808 2298 quinta
840 2217 916 2278 feria
948 2217 1094 2278 similiter
1124 2217 1163 2278 ad
1197 2217 1338 2295 laudem,
1363 2217 1460 2278 decus
1484 2229 1515 2277 et
1539 2215 1697 2276 honorem

429 2325 630 2386 sacratissimi
655 2324 797 2405 corporis
821 2322 938 2385 Christi
964 2323 1054 2383 cuius
1077 2323 1216 2383 secunda
1241 2323 1374 2384 collecta
1392 2323 1431 2383 de
1453 2325 1545 2384 beata
1563 2322 1698 2403 virgine,

430 2432 525 2492 tercia
551 2431 589 2491 de
609 2443 718 2491 sancto
735 2449 808 2510 rege
827 2429 1000 2510 Stephano,
1017 2442 1147 2509 quarta:
1173 2429 1259 2490 Deus
1276 2429 1368 2490 venie
1386 2429 1510 2509 legitor,
1528 2429 1643 2508 quinta
1660 2427 1697 2488 ad

432 2537 583 2617 placitum
608 2537 797 2596 celebrantis
821 2535 969 2608 ordinare
995 2549 1025 2595 et
1048 2534 1218 2615 disponere
1243 2535 1469 2616 proposuisset.
1494 2534 1557 2594 Pro
1582 2534 1698 2614 quibus

432 2643 535 2702 missis
562 2641 648 2702 idem
672 2641 821 2720 magister
846 2640 1021 2720 Gregorius
1045 2639 1288 2701 archidiaconus
1312 2660 1385 2701 cum
1402 2639 1537 2701 domino
1556 2639 1697 2720 Georgio

432 2749 470 2808 de
489 2748 683 2808 Warasdino
708 2746 796 2806 chori
821 2747 919 2807 nostri
945 2746 1157 2827 prebendario
1181 2745 1286 2806 taliter
1311 2746 1552 2807 concordasset:
1568 2747 1657 2826 quod
1674 2746 1697 2806 si

432 2855 498 2935 ipse
523 2853 673 2914 dominus
691 2851 866 2933 Gregorius
883 2851 1108 2912 arhidiaconus
1127 2851 1225 2912 altare
1246 2852 1424 2932 predictum
1441 2852 1609 2933 prebende
1626 2851 1697 2912 dicti

433 2959 556 3019 domini
582 2957 713 3039 Georgii
746 2969 928 3019 annecteret
960 2969 989 3016 et
1017 2977 1073 3038 per
1097 2929 1273 3038 capitulum
1299 2957 1389 3017 unire
1414 2957 1570 3018 canonice
1596 2957 1698 3019 eidem

433 3063 595 3144 prebende
627 3065 659 3123 in
692 3076 881 3144 perpetuum
905 3076 1099 3145 procuraret,
1123 3083 1159 3124 ac
1183 3063 1318 3124 domum
1343 3083 1434 3124 suam
1458 3063 1697 3144 prebendalem,

433 3167 582 3230 videlicet
606 3168 757 3229 celarium
783 3168 967 3249 bipartitum
993 3170 1235 3230 subterraneum
1260 3181 1290 3229 et
1308 3167 1452 3258 ,desuper
1474 3171 1615 3238 stubam,
1632 3188 1699 3250 pre·

433 3273 550 3333 torium
576 3293 631 3333 seu
655 3274 828 3354 coquinam
852 3287 883 3335 et
907 3294 1004 3335 unam
1030 3295 1201 3353 cameram,
1218 3287 1248 3335 et
1267 3275 1381 3336 iterum
1399 3275 1548 3356 superius
1564 3276 1699 3347 stubam,

434 3379 608 3459 pretorium
648 3393 678 3438 et
717 3399 875 3440 cameram
911 3379 950 3440 de
986 3400 1079 3442 muro
1115 3400 1174 3462 pro
1210 3379 1285 3441 dicti
1322 3380 1429 3441 altaris
1465 3379 1637 3441 dotacione
1672 3393 1700 3439 et

435 3484 600 3544 missarum
637 3484 850 3564 predictarum
875 3483 1069 3547 fundacione
1090 3485 1237 3546 edificare
1262 3499 1293 3547 et
1317 3484 1442 3546 efficere
1467 3483 1577 3565 vellet,
1601 3486 1701 3546 dictus

435 3589 586 3650 dominus
619 3588 777 3670 Georgius
805 3591 1034 3671 prebendarius
1062 3592 1101 3652 ad
1126 3589 1263 3673 prefatas
1287 3592 1398 3652 missas
1423 3591 1522 3652 modo
1547 3591 1700 3673 premisso

435 3694 640 3754 celebrandas
671 3715 703 3756 se
728 3709 758 3755 et
781 3715 855 3756 suos
879 3717 1075 3758 successores
1098 3698 1243 3778 obligare
1268 3711 1299 3758 et
1322 3697 1497 3778 astringere
1522 3697 1701 3758 dummodo

435 3799 474 3858 ad
500 3798 559 3858 hoc
586 3799 792 3861 dominorum
817 3802 857 3861 de
882 3803 1022 3882 capitulo
1040 3804 1205 3866 accederet
1221 3823 1412 3878 consensus;
1431 3816 1461 3864 et
1478 3803 1582 3864 eciam
1599 3803 1701 3884 ipsum

437 3903 533 3963 altare
559 3924 631 3964 cum
656 3905 763 3966 tabula
788 3921 818 3967 et
842 3907 935 3968 stallo
960 3909 1049 3969 omni
1071 3909 1252 3970 ebdomada
1273 3909 1372 3970 semel
1390 3927 1539 3990 purgare,
1556 3909 1703 3990 pulveres

436 4021 592 4086 excutere,
618 4010 803 4072 indumenta
836 4013 943 4073 altaris
971 4034 1028 4095 pro
1053 4015 1206 4096 qualitate
1232 4015 1439 4076 festivitatum
1464 4028 1496 4074 et
1519 4028 1701 4096 temporum

438 4127 570 4191 mutare,
602 4135 747 4195 purgare,
783 4117 888 4178 lavare
924 4133 954 4179 et
988 4120 1159 4196 ventilare;
1195 4141 1245 4181 res
1277 4135 1308 4181 et
1339 4121 1424 4181 bona
1457 4120 1558 4200 ipsius
1588 4121 1704 4196 altaris,

438 4217 586 4278 videlicet
608 4221 731 4299 calices,
748 4223 905 4303 ampulas,
923 4225 1111 4305 corporalia,
1131 4246 1274 4308 mappas,
1292 4227 1413 4287 casulas
1434 4245 1506 4286 cum
1526 4225 1704 4286 attinenciis

438 4335 468 4379 et
492 4324 600 4383 omnia
619 4326 680 4386 alia
698 4341 728 4386 et
744 4327 869 4407 singula
887 4348 1090 4410 quecumque
1108 4351 1164 4412 per
1182 4333 1285 4413 ipsum
1304 4332 1492 4412 magistrum
1511 4331 1704 4412 Gregorium

438 4438 491 4483 aut
515 4427 594 4487 alios
618 4429 767 4492 dominos
790 4452 848 4512 pro
872 4447 1015 4514 tempore
1041 4436 1081 4495 ad
1107 4437 1138 4496 id
1163 4439 1261 4498 altare
1279 4440 1363 4514 data,
1381 4438 1528 4498 ordinata
1546 4451 1577 4498 et
1597 4437 1705 4517 acqui·

439 4527 495 4588 sita
528 4529 644 4594 fuerint
677 4537 797 4615 optime
825 4539 893 4599 sine
918 4539 1059 4620 dampno
1085 4557 1114 4603 et
1139 4544 1246 4624 aliqua
1272 4544 1494 4605 diminucione
1517 4563 1704 4606 conservare

440 4645 470 4690 et
499 4651 703 4700 manutenere
734 4644 941 4722 promitteret.
968 4647 1262 4730 Supplicaruntque
1296 4650 1392 4730 igitur
1423 4650 1518 4711 nobis
1543 4649 1706 4710 humiliter

441 4736 551 4814 prefati
583 4743 704 4806 domini
737 4746 912 4828 Gregorius
943 4753 1188 4814 archidiaconus
1220 4768 1251 4815 et
1284 4753 1445 4834 Georgius
1475 4753 1707 4836 prebendarius

442 4853 596 4916 quatenus
624 4868 682 4908 nos
713 4853 891 4932 capituliter
915 4855 1044 4936 prefatis
1068 4859 1236 4920 missarum
1262 4859 1463 4921 ordinacioni
1488 4872 1520 4920 et
1545 4878 1616 4920 cum
1643 4859 1707 4919 suis

442 4943 582 5006 collectis
615 4955 835 5037 celebracioni,
860 4962 966 5022 altaris
999 4964 1039 5023 ad
1073 4965 1270 5045 prebendam
1295 4965 1469 5026 annexioni
1494 4985 1530 5026 ac
1555 4979 1705 5047 perpetue
