3808 5792
418 549 475 612 ¹72
834 533 908 594 Doc.
933 546 998 610 135.
1021 567 1064 577 -
1088 535 1145 593 An.
1169 529 1255 608 1516.

745 641 802 646 .-—
830 641 906 646 —-—
972 641 1158 646 ——ss
1179 637 1675 646 .——.-.—.—----—-

814 716 824 739 .

415 761 569 841 diaconis,
594 763 756 824 canonicis
779 774 845 823 tam
869 760 1100 824 cathedralium
1124 775 1188 824 tam
1213 760 1456 842 collegiatarum
1473 759 1681 821 ecclesiarum

414 869 600 947 rectoribus,
638 887 815 949 eorumque
851 867 937 929 vices
967 868 1163 949 gerentibus,
1198 867 1382 949 capellanis,
1419 865 1682 948 capellarumque

414 975 590 1036 rectoribus
613 987 644 1036 et
668 973 828 1052 altarium,
852 973 1029 1055 ceterisque
1053 975 1237 1056 presbiteris
1261 973 1378 1035 curatis
1410 986 1440 1034 et
1464 991 1529 1033 non
1554 971 1683 1048 curatis,

414 1081 545 1142 notariis
569 1093 600 1141 et
620 1079 849 1142 tabellionibus
873 1080 1011 1161 publicis
1045 1093 1076 1141 et
1108 1081 1355 1162 quibuscunque
1379 1079 1412 1140 iu
1436 1093 1467 1141 et
1488 1079 1548 1139 sub
1574 1077 1684 1138 dioce-

414 1186 502 1248 sibus
535 1186 750 1268 strigoniensi,
784 1186 956 1264 colocensi,
992 1185 1165 1264 bachiensi,
1197 1185 1539 1267 quinqueecclesiensi,
1572 1203 1683 1265 zagra·

414 1291 528 1370 biensi,
566 1291 809 1374 wesprimiensi,
844 1292 1024 1374 yswriensi,
1055 1292 1208 1370 vaciensi,
1243 1293 1399 1371 nitriensi,
1432 1291 1568 1372 aliisque
1599 1291 1682 1351 intra

414 1399 571 1460 ambitum
596 1399 686 1479 regni
711 1397 877 1479 Hungarie
901 1411 932 1459 et
955 1399 1033 1458 alias
1065 1398 1170 1460 ubivis
1201 1399 1380 1460 constitutis
1413 1412 1443 1460 et
1474 1397 1683 1459 existentibus

415 1518 446 1567 et
470 1505 674 1586 singulariter
691 1505 783 1566 vobis
800 1504 956 1566 dominis:
983 1505 1021 1566 N.
1046 1505 1145 1566 sancti
1170 1505 1268 1566 Marci
1294 1505 1414 1566 montis
1438 1503 1618 1582 Grecensis,
1641 1503 1682 1564 N.

414 1644 438 1685 ³.
464 1611 595 1672 loannis
619 1610 658 1671 de
683 1611 775 1672 Nova
798 1610 885 1689 villa,
910 1611 949 1672 N.
974 1631 999 1672 s.
1024 1611 1157 1672 Antonii
1187 1611 1226 1672 de
1251 1612 1322 1672 vico
1359 1611 1559 1690 Latinorum,
1593 1611 1631 1672 N.
1656 1630 1682 1670 s.

415 1717 544 1778 Martini
569 1717 608 1778 de
633 1717 705 1778 vico
729 1729 885 1796 sutorum,
902 1717 1139 1798 zagrabiensis;
1156 1718 1185 1778 N
1221 1719 1251 1779 b.
1268 1717 1411 1798 virginis,
1429 1719 1468 1780 N.
1493 1737 1517 1780 s.
1544 1716 1682 1794 Nicolai,

415 1823 454 1884 N.
479 1843 503 1884 s.
528 1823 696 1885 Laurencii
728 1837 759 1884 ct
791 1824 830 1884 N.
855 1844 880 1884 s.
914 1824 1009 1902 Petri,
1042 1824 1272 1905 strigoniensis,
1303 1825 1438 1905 aliisque
1469 1823 1622 1885 omnibus
1652 1835 1684 1883 et

415 1929 550 2010 singulis
574 1928 781 1990 ecclesiarum
804 1929 1038 2011 parochialium
1063 1930 1209 2011 plebanis
1226 1931 1259 1992 in
1276 1944 1307 1991 et
1323 1931 1383 1992 sub
1400 1930 1552 2012 predictis
1576 1930 1683 1990 dioce-

415 2034 504 2096 sibus
527 2047 558 2096 et
581 2035 660 2097 alias
683 2035 819 2098 ubilibet
843 2038 1062 2114 existentibus,
1086 2037 1126 2098 ad
1151 2057 1248 2119 quern
1282 2053 1313 2100 et
1336 2038 1376 2100 ad
1409 2057 1490 2119 quos
1521 2050 1684 2119 presentes

416 2153 522 2202 nostre
547 2141 650 2202 littere
674 2143 878 2224 pervenerint
902 2157 932 2204 et
956 2144 1011 2224 qui
1044 2162 1117 2205 cum
1141 2145 1343 2226 presentibus
1374 2143 1498 2206 fueritis
1527 2142 1684 2224 requisiti,

415 2267 472 2308 seu
499 2247 579 2308 alter
610 2261 750 2310 vestrum
782 2247 877 2310 luerit
908 2249 1080 2330 requisitus
1107 2263 1173 2310 tam
1206 2249 1380 2332 conjuctim
1414 2269 1512 2330 quam
1545 2249 1684 2326 divisim,

416 2353 552 2414 salutern
570 2354 602 2415 in
627 2354 761 2416 domino
784 2355 1011 2437 sempiternam
1036 2369 1066 2416 et
1089 2355 1205 2416 nostris
1240 2355 1341 2417 immo
1364 2356 1471 2418 verius
1500 2355 1686 2438 apostolicis

415 2459 547 2522 firmiter
594 2461 726 2523 obedire
772 2461 940 2524 mandatis.
992 2461 1234 2545 Diligenterque
1282 2463 1399 2524 habere
1441 2464 1472 2524 in
1506 2463 1685 2525 commissis

417 2566 535 2628 litteras
559 2567 719 2648 siquidem
738 2567 851 2650 prelati
876 2569 1065 2631 sanctissimi
1082 2569 1206 2631 domini
1220 2569 1319 2630 nostri
1333 2589 1414 2652 pape
1425 2571 1485 2631 sub
1494 2570 1603 2651 sigillo
1622 2570 1683 2651 pis-

416 2673 540 2752 catoris,
554 2693 643 2736 more
668 2694 800 2736 romane
813 2675 899 2737 curie
916 2675 1087 2756 confectas,
1103 2695 1195 2738 sanas
1204 2689 1235 2738 et
1248 2677 1387 2757 integras
1399 2696 1435 2738 ac
1452 2676 1542 2737 omni
1556 2695 1685 2758 prorsus

416 2780 605 2862 suspicionis
617 2781 701 2843 vicio
725 2795 867 2844 carentes
890 2803 962 2844 cum
988 2783 1094 2844 charta
1114 2782 1502 2865 supplicacionispapirea
1513 2781 1684 2843 interclusa

417 2905 523 2948 coram
541 2888 677 2965 notario,
701 2889 898 2970 testibusque
923 2887 1130 2971 infrascriptis
1153 2909 1210 2971 per
1232 2888 1403 2950 dominum
1421 2887 1629 2950 Leonardum
1646 2887 1685 2948 de

417 2992 511 3054 Obed
529 3007 636 3056 sancta
651 2995 1010 3077 cruce,prebendarium
1022 2995 1109 3057 chori
1134 2994 1265 3057 ecclesie
1280 2995 1495 3077 zagrabiensis
1520 2995 1553 3055 in
1569 3013 1627 3054 sua
1656 3009 1685 3054 et

417 3101 520 3162 tocius
544 3101 783 3163 communitatis
805 3101 1091 3184 prebendariorum
1109 3102 1198 3163 chori
1216 3101 1360 3163 eiusdem
1378 3101 1472 3162 nobis
1489 3113 1686 3182 presentatas

417 3225 543 3268 summa
567 3227 640 3268 cum
665 3208 846 3270 reverencia
869 3221 899 3270 et
923 3209 1113 3271 obediencia
1137 3209 1290 3270 noveritis
1314 3227 1373 3269 uos
1396 3207 1552 3289 recepisse
1577 3205 1684 3267 huius·

417 3312 506 3372 modi
531 3325 561 3374 et
596 3315 655 3375 sub
679 3315 734 3376 tali
769 3329 899 3376 tenore:
925 3314 1003 3396 (vid.
1028 3315 1107 3376 Doc.
1148 3335 1217 3397 132.
1253 3314 1293 3376 de
1318 3334 1393 3375 ann.
1422 3313 1514 3394 1516.
1540 3331 1593 3374 22.
1617 3331 1685 3393 sep-

417 3419 572 3500 tembris.)
605 3419 680 3481 Post
724 3421 995 3503 quarumquidem
1031 3421 1209 3483 litterarum
1244 3419 1494 3502 apostolicarum
1524 3430 1684 3499 presenta-

418 3524 577 3586 tacionem
602 3540 633 3587 et
660 3527 883 3608 recepcionem
916 3528 1010 3588 nobis
1041 3541 1072 3589 et
1100 3547 1156 3610 per
1187 3545 1257 3606 nos,
1288 3539 1323 3587 ut
1355 3525 1549 3608 premittitur
1579 3521 1685 3600 lactas,

419 3627 538 3690 luimus
559 3651 616 3713 per
640 3631 798 3713 prelatum
824 3633 993 3694 dominum
1019 3632 1225 3694 Leonardum
1250 3633 1283 3694 in
1307 3651 1363 3693 sua
1381 3651 1416 3692 ac
1434 3649 1575 3711 quorum
1592 3649 1685 3711 supra

418 3737 562 3817 personis
586 3737 693 3799 debita
718 3758 791 3799 cum
815 3739 968 3800 instancia
992 3739 1148 3821 requisiti,
1166 3752 1200 3800 ut
1223 3739 1264 3799 ad
1281 3737 1510 3800 execucionem
1531 3735 1685 3817 prescrip-

418 3855 522 3902 tarum
547 3843 723 3905 litterarum
747 3845 996 3926 apostolicarum
1022 3845 1123 3906 iuxtra
1147 3844 1297 3906 traditam
1321 3863 1378 3905 seu
1407 3843 1563 3905 directam
1594 3841 1686 3903 nobis

419 3945 556 4010 formam
591 3949 774 4030 procedere,
808 3950 992 4032 litterasque
1024 3952 1185 4012 citatorias
1220 3969 1294 4012 curu
1330 3949 1543 4031 inquisicioue
1579 3961 1686 4010 contra

420 4052 578 4134 prefatum
603 4055 802 4118 Demetrium
827 4057 1026 4138 prepositum
1050 4057 1133 4118 dicte
1159 4056 1292 4118 ecclesie
1317 4057 1347 4118 b.
1371 4055 1503 4136 virginis
1526 4055 1559 4115 in
1585 4053 1685 4115 lorma

419 4159 512 4220 solita
536 4172 567 4222 et
591 4175 739 4224 consveta
765 4163 850 4240 dare,
875 4163 1110 4245 decernereque
1134 4163 1351 4244 dignaremur.
1368 4163 1435 4223 Nos
1458 4173 1568 4222 autem
1586 4173 1684 4221 atten-

420 4263 530 4326 dentes
553 4266 739 4330 huiusmodi
763 4269 1010 4350 requisicionem
1043 4267 1110 4330 lore
1143 4267 1259 4348 justam
1292 4281 1323 4329 et
1353 4267 1475 4328 racioni
1499 4285 1684 4342 consonam,

420 4368 575 4450 prefatam
599 4373 785 4435 citationem
799 4394 873 4436 cum
887 4375 1084 4436 inhibicione
1098 4387 1194 4456 prout
1208 4394 1224 4434 a
1238 4373 1334 4435 nobis
1350 4373 1529 4455 petebatur,
1547 4371 1685 4433 dandam

421 4474 580 4555 duximus,
604 4479 783 4561 damusque
807 4493 838 4541 et
862 4481 1063 4542 decernimus
1086 4500 1142 4562 per
1170 4491 1342 4562 presentes.
1374 4478 1494 4542 Vestris
1527 4479 1626 4558 igitur
1659 4489 1686 4538 ct

421 4593 560 4641 vestrum
584 4585 716 4648 cuilibet
739 4586 909 4648 devocioni
934 4588 967 4648 in
991 4587 1107 4649 virtute
1130 4600 1236 4648 sancte
1261 4583 1450 4648 obediencie
1475 4598 1506 4646 et
1528 4585 1590 4646 sub
1607 4602 1684 4666 pena

422 4689 777 4770 excommunicacionis,
802 4712 899 4772 quam
933 4693 964 4754 in
990 4712 1047 4754 vos
1072 4706 1103 4754 et
1134 4705 1276 4754 vestrum
1300 4691 1478 4773 quemlibet
1502 4688 1686 4752 huiusmodi

423 4789 610 4852 mandatum
633 4810 778 4858 nostrum
813 4799 914 4860 immo
938 4799 1050 4880 pocius
1081 4799 1296 4882 apostolicum
1329 4797 1562 4875 recusantibus,
1592 4795 1684 4858 trium

423 4891 547 4955 dierum
571 4901 723 4962 canonica
746 4903 931 4966 monicione
956 4905 1107 4985 premissa
1131 4925 1148 4966 a
1174 4904 1226 4966 die
1250 4903 1462 4966 exhibicionis
1486 4903 1683 4985 presencium

425 4997 514 5059 vobis
538 5000 576 5060 de
601 5003 676 5085 ipsis
700 5007 884 5070 immediate
908 5011 1118 5091 sequentibus
1142 5009 1373 5093 computando,
1398 5007 1531 5072 ferimus
1563 5010 1596 5071 in
1628 5007 1684 5069 hiis
