3732 5802
632 573 704 632 Doc.
729 585 795 648 132.
821 605 863 616 -
888 573 946 633 An.
970 571 1058 650 1516.

202 675 459 682 Ἃ
468 675 673 684 -—-—·——-
725 679 914 685 ——--.———
923 681 944 685 —

1408 577 1466 659 167

200 797 366 861 cacionem
390 800 592 881 presentibus
615 801 834 883 introclusam,
858 822 956 866 manu
979 803 1085 866 dilecti
1107 803 1163 866 filii
1181 805 1280 868 nostri
1306 807 1340 870 L.
1366 807 1467 869 cardi·

200 905 283 967 nalis
318 911 442 988 Aggen.
467 909 499 970 in
533 909 693 991 presentia
730 922 837 972 nostra
868 911 1037 993 signatam,
1068 913 1284 995 volumusque
1316 927 1347 975 et
1376 915 1468 976 vobis

200 1013 432 1076 committimus
444 1035 481 1076 ac
498 1015 699 1096 mandamus,
717 1029 751 1078 ut
767 1017 888 1080 vocatis
904 1017 1068 1097 vocandis,
1085 1018 1125 1080 ad
1142 1018 1229 1080 illius
1245 1019 1465 1081 executionem

201 1119 381 1201 procedatis
405 1120 491 1202 juxta
516 1123 585 1184 eius
609 1123 839 1186 continentiam
864 1136 895 1186 et
927 1123 1134 1206 signaturam.
1167 1125 1285 1188 Datum
1309 1126 1467 1188 Vitherbii

200 1227 258 1288 sub
303 1227 400 1288 anulo
431 1228 607 1310 piscatoris,
640 1229 692 1292 die
722 1229 810 1292 XXII
854 1231 1052 1313 septembris.
1087 1231 1235 1294 MDXVI.
1260 1231 1467 1294 pontificatus

200 1332 300 1394 nostri
325 1353 410 1395 anno
434 1347 559 1416 quarto.
582 1371 625 1381 -
649 1339 689 1398 A.
715 1336 874 1398 Colotius.
899 1337 948 1398 Jo.
973 1335 1013 1399 de
1038 1336 1215 1398 Baethanis.

307 1437 578 1522 (Supplicacionis
613 1461 690 1505 vero
723 1442 896 1505 introcluse
932 1455 1025 1504 tenor
1059 1442 1131 1504 talis
1167 1442 1243 1526 eet:)
1278 1443 1466 1506 Rectissime

200 1558 300 1626 pater.
327 1544 412 1608 Cum
436 1546 544 1609 devoti
569 1548 744 1610 sanctitatis
759 1549 870 1610 Vestre
887 1561 1030 1611 oratores
1047 1548 1187 1611 decanus
1204 1562 1235 1610 et
1263 1551 1466 1632 prebendarii

201 1648 288 1712 chori
315 1651 448 1714 ecclesie
471 1653 688 1734 zagrabiensis
711 1652 845 1716 fuissent
868 1667 899 1716 et
934 1667 1039 1716 essent
1061 1673 1098 1715 ex
1131 1655 1214 1716 iusto
1248 1667 1279 1717 et
1308 1655 1467 1738 legittimo

200 1755 294 1817 titulo
319 1756 352 1818 in
375 1757 507 1840 pacifica
530 1773 561 1822 et
577 1761 686 1842 quieta
702 1761 903 1844 possessione
920 1781 938 1823 a
955 1773 1044 1823 tanto
1061 1773 1206 1842 tempore
1223 1774 1254 1822 et
1269 1780 1326 1844 per
1341 1774 1466 1824 tantum

200 1873 326 1944 tempus
350 1863 388 1924 de
414 1864 503 1926 cuius
526 1866 619 1930 initio
642 1867 708 1929 sive
733 1867 892 1930 contrario
917 1867 1073 1930 memoria
1091 1867 1260 1928 hominurn
1284 1886 1349 1929 non
1366 1869 1468 1932 extitit

202 1968 366 2032 cuiusdam
392 1971 498 2033 balnei
523 1961 574 2036 siti
599 1992 699 2056 prope
725 1973 891 2036 ecclesiam
916 1975 1008 2035 beate
1039 1974 1139 2035 Maris
1163 1972 1297 2054 virginis
1328 1975 1362 2036 in
1394 1994 1467 2037 area

202 2075 372 2157 capitulari
397 2097 434 2139 ac
458 2079 544 2141 iuxta
568 2079 689 2142 flumen
721 2080 940 2143 Medwenicza
971 2092 1131 2160 vocatum,
1164 2079 1379 2162 zagrabiensis
1410 2079 1467 2163 dy-

201 2182 318 2258 ocesis3
342 2195 450 2246 tamen
475 2185 608 2267 quidam
633 2186 815 2248 Demetrius
838 2198 974 2248 assertus
1009 2187 1190 2268 prepositus
1214 2186 1297 2248 dicte
1334 2186 1466 2248 ecclesie

201 2287 292 2350 beate
316 2289 427 2367 Marie,
450 2291 489 2352 de
515 2293 600 2354 bono
625 2291 703 2372 jure,
720 2292 902 2354 oratoribus
917 2311 983 2354 non
1001 2293 1234 2373 ignorantibus,
1248 2292 1387 2354 nescitur
1400 2313 1466 2375 quo

202 2394 313 2476 spiritu
338 2395 462 2475 ductus,
487 2398 547 2460 nisi
573 2411 608 2460 ut
631 2412 772 2461 oratores
796 2398 961 2460 laboribus
985 2411 1016 2460 et
1039 2399 1184 2480 expensis
1213 2396 1403 2480 defatigaret
1426 2399 1466 2461 de

203 2515 232 2562 et
257 2522 353 2585 super
377 2503 464 2567 dicto
490 2505 618 2585 balne0,
642 2507 802 2587 rebusque
826 2506 897 2568 aliis
920 2506 952 2567 in
977 2505 1054 2568 actis
1078 2524 1170 2567 cause
1195 2505 1295 2568 lacius
1317 2506 1467 2587 expresis,

202 2627 308 2670 coram
333 2611 495 2672 canonicis
519 2625 549 2673 et
573 2612 714 2693 capitulo
737 2613 869 2674 ecclesie
893 2612 1118 2694 zagrabiensis,
1142 2611 1302 2694 judicibus
1338 2631 1466 2695 compe·

200 2716 350 2795 tentibus,
373 2715 513 2799 prelatos
536 2731 677 2780 oratores
702 2719 740 2780 de
765 2717 848 2781 lacto
873 2718 963 2780 duxit
987 2719 1019 2779 in
1044 2737 1191 2794 causam;
1217 2717 1292 2780 dicti
1317 2737 1394 2780 vero
1418 2737 1467 2780 ca·
1556 2717 1558 2722 ’

201 2822 307 2884 nonici
338 2836 369 2884 et
404 2824 580 2905 capitulum
616 2825 646 2886 in
681 2845 774 2887 causa
806 2823 991 2887 huiusmodi
1023 2821 1234 2906 procedentes
1265 2823 1466 2904 difinitivam,

199 2927 430 2990 absolutorium
454 2949 512 3010 pro
536 2931 717 2994 oratoribus
742 2950 815 2992 cum
839 2929 984 3012 perpetui
1009 2929 1134 2991 silencii
1167 2930 1341 2992 adversarii
1374 2930 1466 3013 inpo-

199 3032 319 3098 sicione
351 3033 494 3098 tulerunt
526 3037 731 3114 sentenciam,
764 3037 885 3099 dictum
915 3036 1130 3098 adversarium
1164 3035 1204 3098 ab
1236 3037 1381 3118 expensis
1410 3033 1469 3119 per'

200 3153 343 3203 oratores
367 3142 397 3202 in
424 3162 518 3204 causa
540 3142 683 3224 legitime
708 3141 798 3204 factis
822 3142 1035 3221 absolventes,
1060 3163 1078 3204 a
1103 3162 1166 3224 qua
1191 3142 1324 3223 quidem
1349 3162 1466 3225 expen-

200 3265 305 3308 sarum
341 3249 549 3311 absolucione
585 3235 643 3331 pro
676 3249 858 3311 oratoribus
894 3247 975 3310 lacte
1009 3248 1049 3310 ad
1083 3249 1281 3312 sanctitatem
1306 3248 1465 3329 Vestram,

199 3367 406 3435 sanctamque
441 3355 550 3418 sedem
583 3357 792 3438 apostolicam
821 3367 1031 3438 provocatum
1062 3369 1093 3416 et
1125 3354 1322 3437 appellatum
1354 3355 1466 3435 extitit,

200 3460 249 3520 cui
274 3461 488 3542 appellacioni
513 3463 659 3525 canonici
684 3475 714 3524 et
739 3463 915 3544 capitulum
939 3460 1053 3544 prelati
1078 3461 1276 3523 detullerunt
1299 3481 1372 3524 cum
1390 3463 1466 3525 certi

199 3565 326 3628 termini
351 3566 526 3648 prefixione
547 3569 587 3630 ad
604 3569 790 3630 huiusmodi
804 3568 1060 3651 appellacionem
1076 3567 1347 3650 prosequendam,
1364 3569 1467 3630 dictus

199 3691 273 3733 vero
298 3671 480 3736 Demetrius
496 3674 695 3737 adversarius
711 3675 966 3757 appellacionem
994 3693 1050 3756 per
1074 3687 1216 3736 oratores
1232 3674 1464 3757 interpositam,

199 3792 232 3839 ut
255 3777 424 3860 prefertur,
450 3800 522 3862 egre
547 3780 662 3860 ferens,
685 3781 879 3864 pretendens
902 3801 934 3842 se
959 3800 976 3842 a
1001 3779 1084 3841 dicta
1110 3777 1280 3842 diffinitiva
1304 3781 1465 3843 sentencia

199 3899 307 3946 contra
332 3905 406 3947 eum
420 3887 493 3966 lata,
517 3887 694 3970 appellasse
717 3907 752 3950 ac
777 3887 1080 3950 reverendissimum
1098 3885 1269 3948 dominum
1288 3886 1465 3968 Hungarie,

199 3989 339 4071 legatum
357 3993 581 4074 apostolicum,
592 3995 795 4056 commissam
812 3992 1042 4076 appellacionis
1058 4011 1184 4056 causam
1199 3991 1307 4072 fuisse,
1325 4006 1466 4056 oratores

200 4115 306 4158 coram
331 4111 417 4160 certo
441 4112 589 4181 pretenso
613 4099 719 4182 judice
745 4100 898 4182 Strigonii
923 4101 989 4161 sive
1014 4099 1107 4162 Bude
1132 4112 1352 4162 commorante
1384 4097 1465 4162 infra

199 4217 318 4266 certum
344 4219 471 4287 tempus
494 4206 535 4268 ad
559 4206 811 4288 comparendum
836 4206 924 4268 citari
955 4205 1029 4268 fecit
1053 4220 1084 4269 et
1113 4206 1306 4288 procuravit,
1331 4220 1362 4267 et
1392 4226 1464 4267 cum

199 4309 273 4390 ipsis
308 4311 488 4373 oratoribus
519 4313 559 4375 ad
588 4313 695 4375 locum
729 4314 768 4375 ad
807 4333 904 4394 quem
935 4312 1021 4374 citati
1053 4311 1183 4374 fuerunt
1213 4311 1346 4372 minime
1378 4324 1465 4373 tutus

198 4430 303 4496 pateat
326 4437 470 4480 accessus
493 4433 524 4480 et
546 4419 636 4481 locus
669 4421 735 4502 ipse
760 4419 853 4480 distet
884 4439 902 4480 a
935 4419 1061 4480 civitate
1094 4417 1299 4499 Zagrabiensi
1323 4437 1380 4500 per
1411 4438 1465 4480 sex

199 4522 298 4584 dietas
323 4537 353 4585 et
376 4524 457 4586 ultra
481 4545 518 4587 ac
542 4545 606 4588 non
631 4526 697 4587 sine
722 4539 885 4587 oratorum
910 4525 1051 4586 maximo
1075 4523 1218 4607 periculo
1236 4536 1267 4584 et
1279 4523 1330 4584 vie
1355 4523 1465 4585 discri-

198 4629 284 4692 mine
309 4629 383 4692 dicti
409 4647 551 4693 oratores
575 4633 606 4694 in
632 4631 688 4694 illo
705 4633 778 4693 loco
796 4649 980 4713 comparere
997 4644 1141 4713 possunt,
1159 4643 1327 4712 r›roptereu
1345 4649 1362 4690 a
1381 4628 1464 4691 dicta

198 4749 343 4819 pretensa
368 4738 523 4799 citacione
558 4737 644 4800 illius
679 4757 775 4819 quarn
799 4737 991 4799 execucione
1015 4736 1150 4818 aliisque
1174 4735 1414 4816 gravaminibus
1432 4735 1464 4797 in

198 4842 418 4925 appellacione
443 4845 580 4927 desuper
604 4844 767 4906 interiecta
792 4844 891 4905 lacius
922 4843 1077 4926 expressis
1107 4843 1146 4904 ad
1181 4841 1316 4904 eandem
1348 4842 1462 4904 sancti-

196 4961 294 5010 tatem
316 4949 472 5030 Vestram,
497 4964 703 5032 sanctamque
727 4950 837 5011 sedem
861 4950 1082 5032 apostolicam,
1104 4967 1161 5031 pro
1183 4963 1348 5011 oratorum
1373 4961 1461 5031 parte

196 5069 405 5138 provocatum
427 5071 458 5119 et
481 5057 680 5139 appellatum
704 5056 815 5118 extitit.
842 5056 1032 5139 Supplicant
1057 5056 1154 5136 igitur
1177 5055 1336 5117 sanctitati
1353 5055 1463 5116 Vestre
