3752 5806
640 555 712 612 Dos.
725 565 781 629 55.
803 587 841 596 -
859 553 918 614 Aa.
938 567 1021 631 1507.
1417 575 1456 636 57

150 811 153 816 ·
184 799 321 861 rumque
354 780 476 842 civium
501 781 637 842 civitatis
660 793 766 842 nostre
792 780 1072 868 Montisgrecensis
1093 782 1275 862 accepimus
1299 803 1363 844 non
1388 783 1455 844 sine
1484 799 1488 810 ·

182 885 403 967 displicencia,
428 885 516 968 quod
545 887 619 948 licet
650 886 710 968 ipsi
742 899 938 967 exponentes
969 887 1100 968 antiqua
1129 887 1282 950 libertatis
1307 889 1451 971 ipsorum

183 993 388 1074 prerogativa
420 1011 477 1074 per
508 991 645 1054 condam
677 992 769 1054 divos
801 1012 901 1074 reges,
926 1005 1051 1056 nostros
1071 994 1191 1056 scilicet
1215 994 1456 1076 predecessores

183 1097 258 1178 ipsis
297 1099 445 1179 graciose
480 1117 639 1178 concessa,
664 1099 856 1179 requirente,
888 1119 906 1160 a
942 1101 1054 1180 quavis
1089 1100 1254 1161 solucione
1289 1101 1455 1163 tributaria

182 1204 324 1286 exempti
358 1216 391 1266 et
420 1205 596 1286 supportati
629 1205 692 1268 sint
726 1217 756 1266 et
787 1204 974 1268 habeantur.
1011 1205 1136 1268 Tamen
1171 1205 1274 1268 lorent
1307 1207 1455 1269 nonnulli

183 1309 312 1372 nobiles
345 1322 377 1371 et
408 1310 537 1372 alterius
568 1310 769 1373 condicionis
797 1310 945 1374 homines
970 1311 1001 1372 in
1026 1331 1126 1394 regno
1150 1325 1259 1373 nostro
1286 1311 1455 1375 Sclavonie

183 1429 438 1494 commorantes,
472 1416 655 1497 tributaque
695 1429 726 1478 et
760 1415 902 1479 thelonia
938 1415 1102 1496 habentes,
1138 1418 1193 1498 qui
1233 1437 1297 1480 non
1338 1419 1456 1480 curatis

183 1522 328 1604 antiquis
364 1521 487 1603 juribus
523 1535 555 1608 et
594 1523 794 1584 libertatibus
826 1522 1004 1584 eorundem
1039 1525 1286 1605 exponencium,
1323 1524 1454 1586 eosdem

184 1643 297 1689 contra
322 1627 393 1708 jura
418 1628 560 1709 ipsorum
584 1628 770 1690 huiusmodi
795 1629 827 1690 in
850 1629 929 1690 locis
949 1629 1155 1691 exaccionum
1176 1629 1335 1692 dictorum
1356 1631 1454 1692 tribu-

183 1747 305 1812 torum,
330 1733 615 1816 theloniorumque
639 1753 773 1796 suorum
797 1735 837 1795 ad
862 1734 1025 1815 quandam
1049 1735 1226 1797 indebitam
1250 1736 1454 1815 tributorum,

183 1838 475 1920 theloniorumque
502 1840 703 1902 solucionem
732 1855 893 1920 cogerent,
914 1859 1093 1921 cogereque
1123 1853 1153 1902 et
1174 1842 1367 1922 compellere
1390 1843 1454 1904 vel-

184 1945 264 2024 lent,
299 1944 452 2027 ipsosque
476 1966 532 2027 per
555 1945 616 2008 hoc
641 1947 860 2028 opprimerent
884 1959 915 2007 et
939 1945 1214 2027 dampnificarent,
1239 1967 1344 2028 neque
1370 1948 1456 2031 ipsos

184 2051 215 2112 in
242 2049 370 2131 juribus
394 2065 425 2112 et
449 2051 650 2112 libertatibus
674 2051 818 2134 ipsorum
843 2065 1077 2114 conservarent.
1096 2052 1341 2134 Supplicacione
1361 2055 1456 2136 igitur

184 2176 244 2238 pro
276 2169 367 2238 parte
398 2157 557 2218 dictorum
588 2158 824 2239 exponencium
849 2159 943 2220 nobis
968 2158 1140 2239 superinde
1165 2159 1271 2220 oblata
1296 2161 1455 2239 exaudita,

183 2263 336 2324 nolentes
367 2263 454 2344 ipsos
485 2283 541 2345 per
573 2264 743 2346 quospiam
774 2264 806 2324 in
839 2263 962 2345 juribus
995 2265 1138 2347 ipsorum
1171 2285 1189 2326 a
1221 2265 1455 2348 divisregibus

185 2368 311 2431 eisdem
335 2369 469 2430 indultis
493 2383 523 2430 et
547 2369 706 2432 concessis
729 2370 881 2452 opprimi,
904 2371 1096 2433 mandamus
1116 2371 1323 2434 fidelitatibus
1346 2374 1455 2434 vestris

184 2474 302 2536 harum
326 2475 407 2536 serie
430 2474 574 2554 firmiter,
600 2489 758 2557 quatenus
781 2477 918 2558 acceptis
941 2477 1153 2558 presentibus,
1177 2489 1208 2538 et
1231 2479 1335 2556 rebus,
1353 2479 1396 2541 sic
1422 2493 1455 2540 ut

185 2579 347 2663 prefertur
377 2601 411 2643 se
442 2581 644 2660 habentibus,
669 2582 835 2644 universos
863 2596 894 2645 et
917 2583 1062 2663 singulos
1085 2583 1308 2646 huiuscemodi
1331 2585 1455 2646 nobiles

186 2701 218 2749 et
249 2687 382 2749 alterius
412 2687 612 2750 condicionis
645 2688 803 2764 homines,
835 2691 1015 2751 turbatores
1046 2689 1195 2752 videlicet
1227 2703 1257 2750 et
1284 2691 1456 2752 violatores

186 2794 348 2854 dictarum
380 2793 564 2856 libertatum
597 2793 792 2876 prefatorum
822 2795 1069 2877 exponencium,
1094 2796 1133 2857 ad
1158 2811 1285 2858 octavas
1308 2797 1455 2878 primitus

187 2901 219 2960 in
245 2899 304 2961 illo
329 2919 430 2981 regno
454 2913 564 2962 nostro
589 2900 759 2963 Sclavonie
784 2901 1001 2980 celebrandas,
1014 2921 1073 2982 pro
1094 2901 1161 2982 jure
1179 2915 1209 2964 et
1226 2903 1455 2964 consvetudine

187 3005 333 3068 eiusdem
346 3007 435 3087 regni
453 3007 563 3086 nostri,
580 3007 675 3068 vestri
695 3007 727 3068 in
745 3007 942 3088 presenciam
960 3027 1136 3068 convocare
1154 3022 1183 3068 et
1200 3009 1317 3070 auditis
1334 3008 1454 3070 eisdem

187 3112 343 3194 partibus,
378 3113 517 3194 visisque
557 3113 680 3193 juribus
715 3126 745 3174 et
780 3113 970 3175 litteralibus
1009 3114 1228 3174 instrumentis
1264 3114 1453 3191 eorundem,

187 3218 361 3298 negocium
392 3217 453 3280 hoc
484 3231 588 3300 partes
620 3219 701 3280 inter
734 3219 862 3280 easdem
895 3218 978 3300 justo
1010 3218 1108 3280 modo
1141 3219 1284 3281 revidere
1309 3232 1339 3280 et
1363 3219 1452 3300 quod

188 3323 307 3404 justum
332 3323 429 3386 fuerit
444 3326 526 3386 inter
542 3325 627 3406 ipsas
643 3338 747 3406 partes
765 3323 868 3385 facere
884 3324 985 3386 eciam
1004 3339 1035 3385 et
1052 3326 1164 3406 exequi
1183 3325 1289 3386 modis
1304 3326 1456 3386 omnibus

189 3429 332 3492 debeatis
355 3443 386 3492 et
409 3431 595 3494 teneamini.
628 3431 725 3492 Secus
749 3449 815 3492 non
840 3429 963 3493 facturi.
995 3431 1198 3493 Presentibus
1222 3431 1379 3512 perlectis,
1403 3451 1454 3491 ex·

188 3535 310 3597 bibenti
342 3536 503 3598 restitutis.
528 3537 646 3598 Datum
680 3536 769 3598 Eude
802 3535 879 3598 feria
911 3536 1051 3598 secunda
1076 3537 1221 3619 proxima
1244 3549 1316 3619 post
1339 3535 1454 3598 festum

189 3641 393 3703 sacratissimi
417 3642 559 3724 corporis
583 3641 713 3706 Christi.
731 3645 828 3704 Anno
845 3642 988 3704 eiusdem
1006 3641 1179 3704 millesimo
1196 3643 1454 3724 quingentesimo

189 3747 339 3829 septimo.

295 3867 433 3934 Originale
451 3867 478 3921 in
496 3871 595 3936 charta,
611 3871 637 3922 in
657 3870 774 3938 margine
793 3869 912 3924 interiori
931 3871 1089 3936 impressum
1109 3874 1150 3920 est
1170 3871 1294 3934 sigillum.
1309 3871 1336 3922 ln
1356 3873 1453 3925 archiv.

189 3955 232 4010 lib.
251 3973 309 4023 reg.
330 3955 401 4009 civit.
421 3959 527 4022 zagrab.

782 4175 849 4272 'ss

293 4346 368 4397 Anno
389 4345 463 4412 1507,
484 4349 508 4402 7.
527 4349 695 4412 septenbris.
715 4347 871 4413 Zagrabiae.

196 4475 301 4534 Coram
331 4476 457 4548 capitulo
486 4475 603 4548 sagrab.
640 4476 800 4549 Gregorius
823 4477 920 4551 judex
951 4477 1076 4532 civr'tatis
1107 4478 1209 4533 montis
1238 4476 1389 4535 Grecensis
1421 4478 1455 4534 tle

186 4582 393 4655 possesionibus
416 4582 575 4640 Petrovriia
601 4587 635 4640 et'
650 4562 846 4658 Sipbkom'na,
870 4581 1003 4656 Sophite,
1029 4583 1162 4639 Andreae
1189 4584 1309 4654 Hening
1339 4584 1453 4657 traduat,

361 4687 485 4763 donatis,
508 4689 729 4746 intercessionem
745 4689 827 4763 fucit
847 4695 949 4746 contra
975 4687 1159 4747 Vlndislanm
1181 4708 1282 4761 regem.

294 4827 362 4888 Nos
394 4826 570 4908 capitulum
602 4825 733 4888 ecclesie
759 4827 983 4907 zagrsbiensis.
1009 4828 1164 4888 Memoris
1188 4828 1455 4890 commendamus

193 4951 245 5012 per
267 4943 442 5014 presentes,
466 4933 554 5012 quod
578 4932 826 5014 circumspectus
850 4932 1035 5014 Gregorius,
1059 4933 1155 5014 judex
1180 4935 1315 4996 civitatis
1337 4935 1456 4996 montis

193 5035 360 5100 Grecensis
397 5037 428 5098 in
468 5057 535 5116 sua,
567 5038 769 5118 aliorumque
803 5039 1025 5100 universorum
1060 5039 1179 5100 civium
1215 5053 1245 5100 et
1279 5039 1455 5120 juratorum
