3752 5806
865 593 935 652 Dor.
954 589 1011 668 38.
1029 606 1085 668 39.
1110 627 1145 636 -
1173 594 1230 654 An.
1250 604 1339 668 1505.

728 699 801 704 --.-.
951 699 989 704 .-..
999 699 1424 709 ———--——-·-*--——--·—
1438 700 1477 705 .-
1488 699 1581 706 -.—.
1591 701 1690 706 -——
1702 701 1723 707 -

1069 821 1130 886 38.

566 961 640 1012 Auno
664 961 738 1026 1505,
758 962 799 1012 30.
820 961 913 1013 martii.
933 961 1030 1014 Budae.

470 1089 634 1146 Vlndislnus
658 1089 834 1162 Hungarine
857 1097 905 1148 etc.
923 1108 986 1164 rex,
1007 1091 1080 1146 cr'vcs
1102 1089 1229 1147 civitatis
1252 1091 1359 1145 montis
1381 1084 1532 1146 Grecmsis
1555 1108 1574 1144 a
1596 1088 1729 1146 descensu

982 1195 1085 1251 banalt'
1106 1195 1214 1254 liberat.

1148 1333 1308 1384 Commissio
1328 1333 1437 1397 propria
1456 1331 1555 1384 domini
1575 1333 1657 1397 regis.

568 1458 766 1520 Wladislaus
795 1458 846 1519 dei
878 1459 983 1540 gracia
1017 1478 1070 1518 rex
1095 1457 1270 1538 Hungarie,
1297 1457 1452 1518 Bohemie
1476 1471 1535 1518 etc.
1561 1457 1729 1518 Fidelibus

463 1564 578 1625 nostris
610 1563 788 1646 magnificis
812 1563 939 1624 Andree
971 1562 1053 1624 Both
1078 1563 1118 1624 de
1144 1563 1252 1646 Bayna
1285 1576 1315 1624 et
1339 1563 1508 1624 Francisco
1533 1563 1664 1624 Balassa
1689 1563 1729 1623 de

466 1668 643 1752 Gyarmath
661 1689 831 1751 regnorum
857 1683 1038 1730 nostrorum
1056 1669 1230 1748 Dalmacie,
1248 1669 1383 1730 Croacie
1401 1681 1432 1729 et
1449 1669 1618 1730 Sclavonie
1636 1670 1729 1730 banis

464 1776 513 1836 vel
546 1794 657 1837 eorum
689 1775 862 1854 vicebanis,
890 1775 1091 1856 presentibus
1126 1787 1157 1836 et
1189 1774 1312 1853 suturis,
1341 1774 1478 1836 salutem
1514 1787 1544 1836 et
1576 1775 1729 1856 graciam.

464 1881 550 1954 Quia
585 1900 643 1941 nos
673 1880 784 1942 fideles
819 1893 943 1942 nostros
975 1880 1148 1962 prudentes
1181 1893 1212 1942 et
1247 1881 1493 1962 circumspectos
1525 1880 1664 1961 judicem
1702 1893 1731 1940 et

462 1988 591 2066 juratos,
615 2001 800 2068 ceterosque
832 1987 915 2048 cives
946 1999 976 2046 et
1000 1985 1238 2064 inhabitatores,
1266 1999 1432 2068 totamque
1455 1987 1725 2048 communitatem

464 2094 600 2155 civitatis
624 2106 729 2154 nostre
754 2093 872 2154 montis
897 2093 1066 2154 Grecensis
1090 2093 1122 2152 in
1147 2105 1289 2153 nostram
1313 2092 1435 2173 regiam
1459 2093 1640 2174 recepimus
1657 2111 1729 2174 pro·

465 2200 641 2260 teccionem
667 2212 697 2259 et
721 2200 853 2261 tutelam
875 2199 1057 2281 specialem,
1072 2198 1287 2279 volumusque
1310 2200 1441 2259 eosdem
1464 2201 1504 2259 ab
1521 2198 1729 2280 impeticioue

465 2319 567 2366 vestra
592 2305 697 2364 salvos
714 2317 744 2364 et
761 2304 868 2366 illesos
892 2324 1085 2386 preservare,
1107 2303 1252 2365 fidelitati
1270 2304 1366 2385 igitur
1387 2316 1488 2365 vestre
1514 2303 1628 2364 harum
1651 2303 1730 2364 serie

464 2410 595 2471 firmiter
618 2410 812 2492 precipimus
836 2424 866 2472 et
889 2410 1091 2488 mandamus,
1115 2423 1273 2491 quatenus
1296 2410 1374 2470 dum
1399 2422 1430 2470 et
1453 2409 1728 2491 quandocumque

465 2517 556 2578 vobis
584 2517 634 2577 vel
667 2517 757 2577 alteri
791 2530 929 2578 vestrum
963 2517 995 2578 in
1029 2517 1083 2577 illa
1115 2517 1240 2578 civitate
1271 2529 1378 2577 nostra
1410 2515 1601 2576 descensum
1627 2513 1729 2576 lacere

465 2624 666 2702 contingerit,
701 2622 810 2683 nullus
844 2622 977 2684 omnino
1016 2635 1156 2683 vestrum
1192 2622 1322 2683 eosdem
1355 2621 1517 2702 aliquibus
1551 2620 1678 2702 injuriis
1702 2635 1730 2682 et

466 2727 614 2809 dampnis
638 2726 763 2788 allicere
787 2741 841 2788 aut
865 2741 974 2788 contra
999 2727 1160 2788 libertates
1183 2746 1295 2788 eorum
1320 2726 1555 2807 quoquomodo
1574 2741 1729 2788 attentare

468 2833 594 2912 audeat,
619 2833 675 2894 sed
700 2834 731 2894 in
755 2833 892 2915 propriis
916 2833 1060 2915 pecuniis
1085 2847 1115 2894 et
1139 2833 1285 2914 expensis
1301 2832 1412 2894 vestris
1428 2832 1497 2893 istic
1514 2832 1624 2914 quoad
1641 2833 1730 2894 volu·

466 2940 553 3000 eritis
577 2939 714 3000 residere
739 2953 769 3000 et
794 2940 921 3018 morari,
946 2959 981 3000 ac
1006 2940 1092 3021 ipsos
1118 2953 1271 3020 tanquam
1292 2939 1350 3000 sub
1375 2938 1505 3020 speciali
1522 2939 1728 3020 protectione

465 3059 571 3106 nostra
596 3045 773 3124 existentes,
795 3045 827 3106 in
854 3046 1004 3106 omnibus
1028 3063 1141 3106 eorum
1165 3045 1366 3106 libertatibus
1390 3045 1516 3126 quietos
1533 3058 1564 3105 et
1580 3045 1729 3127 pacificos

466 3171 653 3213 conservare
685 3151 827 3212 debeatis
859 3165 889 3212 et
919 3151 1105 3212 teneamini.
1141 3151 1239 3212 atiud
1270 3170 1335 3212 non
1369 3149 1492 3212 facturi.
1526 3149 1731 3212 Presentibus

465 3257 622 3338 perlectis,
647 3255 809 3319 exhibenti
833 3257 992 3318 restitutis.
1018 3257 1136 3318 Datum
1154 3257 1244 3318 Bude
1266 3257 1297 3318 in
1318 3257 1479 3318 dominica
1497 3257 1598 3330 Quasi
1620 3256 1720 3318 modo

467 3367 563 3423 Anno
588 3363 711 3425 domini
736 3363 909 3424 millesimo
934 3362 1194 3444 quingentesimo
1219 3363 1343 3444 quint0.

574 3503 710 3567 originale
735 3504 759 3554 in
783 3503 881 3556 charta.
902 3502 928 3553 lu
949 3502 1066 3566 margine
1085 3501 1206 3554 inferiori
1222 3503 1379 3567 impressum
1391 3507 1432 3554 est
1445 3503 1572 3568 sigillum.
1589 3499 1621 3553 Iu
1632 3503 1728 3553 archiv.

466 3591 550 3644 luclit.
569 3593 666 3642 Accad.
687 3589 783 3643 Scient.
805 3589 908 3643 Slavor.
928 3591 1019 3643 merid.

991 3867 993 3870 ’
1066 3875 1128 3942 39.

571 4033 645 4084 Anno
666 4031 742 4096 1505,
763 4034 803 4084 30.
824 4033 919 4085 martii.
939 4033 1037 4084 Budae.

475 4178 640 4234 Vlndislaus
662 4171 843 4250 Hungarine
866 4186 913 4234 etc.
933 4197 997 4248 rex,
1020 4181 1217 4236 communitati
1237 4180 1361 4236 civitatis
1384 4180 1491 4238 monas
1514 4177 1670 4237 Grecensa
1692 4175 1731 4232 ad

467 4283 706 4340 restaurationem
728 4285 894 4341 munitionis
916 4283 1044 4342 civitatis
1066 4304 1103 4342 ex
1123 4286 1206 4358 regia
1229 4287 1372 4344 trecesima
1397 4299 1457 4342 100
1473 4284 1546 4358 flor.
1565 4285 1640 4340 auri
1661 4301 1727 4358 qua·

879 4391 982 4449 tannis
1004 4391 1150 4448 solvendos
1173 4392 1315 4464 assagmt.

1153 4527 1312 4580 Commissio
1332 4529 1440 4593 propria
1460 4530 1560 4581 domini
1580 4531 1662 4595 regis.

573 4652 768 4714 Wladislaus
800 4651 851 4712 dei
884 4653 989 4732 gracia
1014 4673 1065 4714 rex
1092 4654 1268 4735 Hungarie,
1294 4653 1449 4715 Bohemie
1478 4667 1536 4716 etc.
1563 4654 1726 4716 Fidelibus

467 4757 582 4815 nostris
614 4756 791 4836 magnificis
825 4757 987 4839 Stephano
1012 4760 1051 4819 de
1074 4759 1233 4841 Thelegd,
1266 4759 1434 4837 modern0,
1458 4759 1638 4841 futurisque
1665 4761 1727 4821 the-

469 4861 616 4920 saurariis
660 4863 785 4940 nostris,
829 4864 905 4924 item
942 4865 1078 4946 egregiis
1109 4865 1400 4926 trecesimatoribus
1434 4885 1489 4925 seu
1524 4866 1729 4948 vectigalium

469 4985 554 5025 sacre
578 4985 695 5028 corone
728 4971 936 5050 exactoribus,
962 4971 1115 5051 Zagrabie
1140 4971 1319 5031 constitutis
1343 4983 1374 5031 et
1398 4971 1640 5050 constituendis,
1664 4991 1728 5053 pre·

468 5070 610 5132 sericium
635 5074 784 5136 noticiam
808 5075 972 5154 habituris,
989 5077 1123 5138 salutem
1148 5091 1178 5138 et
1199 5078 1349 5158 graciam.
1368 5077 1453 5152 Quia
1474 5097 1543 5156 nos,
1560 5091 1630 5138 tum
1647 5095 1724 5138 coru·
