3808 5792
638 456 708 518 Dec.
732 451 800 532 167.
824 489 866 500 -
889 458 948 518 An.
972 468 1062 531 1520.
1099 417 1103 426 ·
1418 474 1480 540 ²⁰7

222 561 664 569 ¹-———·---—----—---—-
683 563 733 568 ---·
746 563 786 568 —-
892 563 1125 568 —————=-—--—
1148 565 1407 570 ——.-....——----—
1422 564 1480 570 -——

216 701 402 743 conservare
426 681 587 759 volumus,
612 681 803 742 mandamus
827 681 933 762 itaque
958 680 1102 742 fidelitati
1126 695 1227 744 vestre
1261 683 1374 744 harum
1397 685 1479 747 serie

216 785 408 866 firmissime,
447 779 598 868 quatinus
642 787 779 868 acceptis
820 787 1020 869 presentibus
1050 788 1169 849 amodo
1205 789 1237 850 in
1270 802 1433 870 posterum
1464 810 1483 852 a

215 890 345 974 prelatis
369 892 492 954 civibus
516 906 548 955 et
578 891 845 954 inhabitatoribus
877 892 1019 975 predicte
1051 893 1187 956 civitatis
1221 907 1328 957 nostre
1363 896 1482 958 montis

217 997 387 1061 Grecensis
410 1011 520 1061 contra
544 997 681 1060 formam
705 997 800 1060 huius
822 999 965 1062 mandati
989 1000 1088 1062 nostri
1115 1013 1146 1062 et
1168 1013 1308 1083 pretacte
1325 1001 1481 1064 libertatis

218 1105 360 1187 ipsorum
395 1105 522 1168 nullum
558 1105 713 1166 tributum
752 1105 818 1166 sive
856 1104 1056 1184 theloneum,
1080 1105 1245 1168 nullamve
1282 1107 1483 1169 tributariam

216 1212 417 1274 solucionem
438 1230 497 1274 nec
522 1230 578 1293 per
601 1210 704 1273 dictos
727 1211 875 1273 homiues
898 1223 929 1273 et
951 1210 1093 1274 oliciales
1116 1213 1259 1275 annotati
1286 1214 1483 1276 reverendis·

216 1317 288 1380 simi
314 1317 438 1380 domini
477 1317 649 1380 cardinalis
684 1330 715 1379 et
748 1317 857 1399 legati,
896 1330 951 1379 aut
986 1317 1087 1380 eciam
1126 1318 1251 1379 domini
1288 1318 1484 1382 marchionis

217 1423 546 1505 Brandemburgensis
569 1443 628 1486 nec
651 1442 708 1506 per
730 1423 812 1485 alios
835 1443 1058 1506 quoscumque
1083 1423 1212 1486 illorum
1236 1443 1409 1506 regnorum
1426 1445 1483 1488 no·

217 1543 355 1591 strorum
379 1529 530 1591 dominos
554 1542 584 1592 et
608 1529 730 1591 incolas
752 1540 859 1610 petere
876 1542 908 1591 et
924 1530 1059 1611 exigere,
1084 1530 1214 1611 patique
1231 1542 1262 1592 et
1278 1530 1362 1611 exigi
1380 1529 1484 1594 lacere

154 1623 157 1631 ’
218 1635 333 1717 quovis
353 1635 452 1698 modo
476 1635 675 1718 permittatis,
701 1635 757 1697 sed
774 1635 904 1697 eosdem
924 1647 955 1696 et
970 1654 1084 1698 eorum
1101 1635 1281 1717 quemlibet
1296 1635 1393 1698 simul
1410 1655 1483 1698 cum

217 1741 374 1804 universis
417 1743 511 1804 rebus
546 1755 577 1803 et
609 1742 703 1804 bonis
737 1741 871 1823 sineque
907 1741 975 1803 ullo
1008 1740 1240 1824 impedimento
1275 1761 1484 1824 personarum

216 1867 346 1910 suarum
370 1848 469 1910 libere
493 1848 614 1930 ubique
638 1861 670 1909 et
692 1846 822 1929 pacifice
847 1861 1046 1909 transeuntes
1070 1847 1102 1909 in
1126 1846 1312 1908 huiusmodi
1342 1847 1483 1930 antiquis

218 1954 361 2036 ipsorum
384 1953 506 2034 juribus
530 1967 561 2016 et
585 1953 784 2016 libertatibus
808 1965 916 2015 contra
934 1953 1069 2034 quosvis
1085 1953 1271 2034 illegitimos
1288 1952 1485 2036 impetitores

217 2073 249 2122 et
272 2060 434 2141 signanter
457 2073 567 2122 contra
591 2057 731 2142 prefatos
753 2059 846 2138 tueri,
877 2072 1044 2142 protegere
1077 2073 1108 2121 et
1139 2072 1346 2121 manutenere
1379 2060 1485 2122 modis

217 2166 369 2228 omuibus
393 2165 535 2229 debeatis
559 2179 591 2228 et
613 2165 799 2244 teneamini,
824 2165 1012 2228 auctoritate
1036 2178 1143 2227 nostra
1175 2165 1262 2247 regia
1286 2165 1485 2247 presentibus

216 2271 309 2334 vobis
333 2271 366 2333 iu
390 2270 448 2334 hac
471 2284 560 2354 parte
583 2272 734 2333 attributa
757 2283 788 2332 et
811 2269 935 2352 justicia
960 2271 1131 2334 mediante.
1158 2272 1256 2334 Secus
1279 2271 1375 2352 igitur
1391 2271 1483 2334 nullo

217 2378 318 2439 modo
342 2377 445 2439 facere
469 2377 669 2460 presumatis.
702 2377 906 2440 Presentibus
937 2377 1096 2461 perlectis,
1129 2377 1291 2440 exhibenti
1324 2378 1485 2441 restitutis.

217 2483 335 2545 Datum
355 2484 444 2545 Rude
469 2481 606 2545 infesto
631 2483 827 2546 visitacionis
850 2485 1059 2547 sacratissime
1084 2484 1216 2566 virginis
1238 2483 1348 2545 Marie.
1382 2487 1487 2547 Anno.

219 2589 343 2651 domini
368 2590 542 2652 millesimo
567 2589 826 2671 quingentesimo
850 2572 1019 2672 vigesimo.

326 2712 462 2778 originale
481 2711 508 2765 iu
528 2714 626 2766 charta.
645 2710 675 2765 lu
695 2713 811 2778 margine
831 2713 950 2765 inferiori
970 2713 1127 2778 impressum
1148 2717 1189 2763 est
1208 2710 1334 2777 sigillum.
1354 2709 1383 2764 Iu
1397 2713 1487 2764 archiv

216 2803 262 2854 lib.
282 2815 339 2866 reg.
360 2801 429 2852 civit.
449 2799 562 2866 Zagrah.

814 3013 896 3080 167.

324 3173 401 3223 sano
424 3173 497 3226 1520.
518 3174 540 3226 s.
558 3172 631 3240 julii.
651 3172 749 3224 surae.
815 3157 821 3168 '

218 3297 384 3356 Ludwr'eus
407 3299 462 3368 ΙΙ.,
487 3299 589 3372 Hung.
613 3305 664 3358 etc.
687 3317 750 3367 rex,
777 3298 860 3371 jubet
892 3296 1155 3372 trr'cesimotoribus,
1181 3304 1214 3354 ut
1243 3315 1263 3353 a
1284 3297 1488 3355 mercatoribus

313 3405 477 3478 peregrinis
499 3406 585 3461 etiam
610 3406 640 3460 in
670 3403 803 3478 Capituli
824 3422 895 3462 area
921 3403 1057 3461 tributum
1080 3404 1206 3481 exigant
1222 3410 1279 3477 pro
1301 3419 1398 3462 merce.

875 3549 1034 3601 Commissio
1055 3549 1164 3614 propria
1183 3545 1283 3600 domiui
1302 3549 1383 3614 regis.

328 3641 513 3703 Ludouicus
538 3640 589 3702 dei
613 3640 719 3722 gracia
742 3659 795 3700 rex
812 3639 977 3721 Hungarie
1003 3652 1033 3699 et
1060 3637 1215 3700 Bohemie
1241 3653 1297 3700 etc.
1322 3636 1489 3699 Fidelibus

220 3747 337 3808 nostris
360 3747 654 3811 tricesimatoribus'
668 3758 699 3808 et
732 3764 843 3806 eorum
875 3745 960 3807 vices
991 3745 1177 3826 gerentibus
1212 3744 1347 3806 civitatis
1382 3755 1489 3804 nostre

219 3852 340 3913 montis
363 3851 531 3914 Grecensis
554 3851 689 3913 salutem
714 3865 746 3912 et
767 3851 918 3932 graciam.
936 3851 1126 3931 Expositum
1143 3863 1189 3911 est
1207 3849 1365 3912 Maiestati
1382 3861 1489 3910 nostre

220 3977 280 4040 pro
304 3971 392 4040 parte
416 3957 562 4021 fidelium
586 3971 771 4020 nostrorum
796 3957 927 4040 capituli
953 3971 984 4018 et
1008 3955 1237 4019 canonicorum
1269 3954 1401 4018 ecclesie
1438 3973 1490 4015 za·

219 4064 398 4145 grabiensis
419 4064 508 4145 gravi
534 4083 607 4126 cum
632 4064 774 4145 querela,
800 4063 938 4146 qualiter
960 4083 1018 4125 vos
1051 4063 1090 4124 ab
1115 4061 1186 4140 hiis,
1211 4062 1267 4143 qui
1294 4079 1367 4122 cum
1393 4059 1491 4120 rebus

220 4181 252 4232 et
276 4170 465 4232 mercanciis
488 4170 631 4252 ipsorum
656 4189 713 4231 seu
745 4169 823 4233 alias
854 4167 1103 4252 quomodolibet
1133 4166 1173 4229 ad
1205 4186 1312 4228 aream
1346 4165 1490 4248 ipsorum

220 4273 441 4357 capitularem,
466 4295 530 4356 que
553 4275 706 4357 contigua
745 4287 791 4336 est
825 4287 856 4336 et
888 4274 1073 4336 immediate
1109 4273 1192 4334 dicte
1228 4271 1348 4334 civitati
1383 4283 1490 4331 nostre

221 4379 397 4443 Maiestatis
420 4380 539 4442 montis
556 4359 726 4443 Grecensis
749 4379 929 4462 conjuncta,
947 4379 1119 4442 trisesimas
1135 4391 1259 4440 nostras
1274 4397 1340 4440 non
1357 4375 1490 4454 ibidem,

221 4486 277 4548 ubi
301 4485 369 4547 sine
393 4486 462 4548 ullo
486 4486 629 4568 dampno
653 4500 685 4553 et
709 4485 917 4548 incommodo
949 4498 1014 4547 tam
1048 4483 1223 4548 Maiestatis
1254 4496 1361 4545 nostre
1393 4499 1490 4562 quam

222 4592 366 4674 ipsorum
391 4606 604 4654 mercatorum
641 4590 730 4654 lieret
754 4591 931 4672 exigeretis,
955 4590 1010 4652 sed
1035 4609 1090 4652 eos
1120 4608 1193 4651 cum
1225 4589 1315 4670 gravi
1347 4588 1491 4669 ipsorum

221 4713 252 4760 et
275 4698 430 4759 mercium
454 4717 584 4760 suarum
609 4697 751 4779 dampno
776 4710 806 4758 et
829 4696 949 4778 jactura
974 4717 1012 4758 ex
1036 4695 1087 4757 via
1110 4708 1195 4757 recta
1221 4707 1252 4756 et
1283 4693 1356 4755 loco
1392 4691 1491 4774 plano

222 4804 431 4866 admontem
456 4803 591 4866 civitatis
614 4816 732 4879 nostre,
759 4801 848 4864 nulla
881 4801 1038 4864 Maiestati
1063 4813 1170 4863 nostre
1201 4799 1336 4861 utilitate
1369 4819 1407 4860 ex
1431 4797 1492 4860 hoc

221 4910 404 4988 resultante,
428 4909 581 4971 iniuriose
605 4908 787 4987 ascendere,
812 4907 943 4989 illicque
967 4907 1006 4969 ad
1030 4907 1231 4969 solucionem
1255 4904 1490 4967 tricesimarum
