3732 5802
302 967 378 1020 Anno
400 969 476 1022 1511.

203 1093 382 1172 Vladislaus,
399 1091 578 1171 Hungarr'ae
597 1103 647 1155 etc.
664 1116 726 1168 rex,
743 1099 993 1158 tn'cesimatoribus
1008 1103 1093 1174 regni
1106 1101 1264 1162 Slanomiu
1279 1105 1390 1165 indita!
1401 1125 1464 1166 con-

194 1201 377 1272 stitutionem,
393 1209 428 1261 ut
443 1204 587 1262 tricesim
605 1210 662 1278 pro
681 1221 774 1263 merce
790 1223 810 1262 a
824 1204 932 1263 duobus
951 1207 1059 1264 civibus
1078 1209 1219 1282 carpenda
1233 1219 1359 1285 perires
1373 1231 1466 1272 annos

194 1307 397 1368 communitati
415 1310 494 1374 civit.
515 1311 618 1368 monb's
640 1309 790 1368 Grecensis
808 1308 855 1370 ad
871 1311 1059 1372 musenim
1078 1315 1260 1390 reficimdam
1275 1318 1464 1392 expendam.

302 1447 501 1510 Wladislaus
525 1447 577 1510 dei
600 1448 707 1529 gracia
731 1467 784 1510 rex
808 1448 974 1532 Hungarie
997 1463 1028 1512 et
1049 1451 1204 1514 Bobemie
1222 1467 1281 1517 etc.
1298 1455 1464 1520 Fidelibus

195 1555 312 1617 nostris
336 1555 465 1637 egregio
488 1554 626 1617 Nicolao
650 1554 794 1617 Herendi
818 1555 1067 1620 administratori
1092 1573 1308 1640 proventuum
1339 1577 1464 1626 nostro·

195 1679 265 1722 rum
293 1660 462 1742 moderno,
486 1660 601 1724 futuris
625 1661 727 1724 eciam
751 1661 959 1725 thesaurariis
981 1664 1107 1744 nostris,
1125 1685 1184 1727 nec
1205 1686 1270 1729 non
1291 1669 1463 1751 magnifico

196 1771 326 1833 Thome
350 1767 458 1852 Zecby
482 1781 512 1831 et
545 1769 675 1851 egregio
700 1767 838 1832 lohanni
862 1768 903 1831 de
927 1769 1044 1853 Gywla
1067 1748 1351 1836 tricesimatoribus
1374 1777 1463 1858 regni

195 1876 295 1939 nostri
319 1875 492 1939 Sclauonie
524 1874 698 1954 modernis,
722 1873 837 1938 futuris
870 1875 972 1938 eciam
1005 1875 1289 1941 tricesimatoribus
1317 1881 1462 1944 eiusdem

195 1983 285 2065 regni
305 1981 417 2061 nostri,
434 1981 690 2063 eorumdemque
710 1980 896 2044 hominibus
912 1994 944 2044 et
960 1981 1044 2045 vices
1059 1983 1245 2064 gerentibus
1261 1986 1464 2067 presentibus

195 2102 226 2151 et
258 2087 384 2168 futuris,
407 2099 569 2171 presentes
595 2087 721 2166 visuris,
745 2087 881 2150 salutem
905 2099 937 2150 et
958 2089 1110 2171 graciam.
1134 2088 1219 2152 Cum
1244 2091 1463 2173 intelligamus

195 2195 227 2258 in
252 2194 369 2258 meniis
393 2206 425 2257 et
447 2191 581 2256 edificiis
601 2193 737 2256 civitatis
758 2205 864 2256 nostre
881 2194 1000 2256 montis
1018 2193 1188 2258 Grecensis
1204 2195 1348 2278 alioquin
1366 2198 1462 2279 longa

195 2313 350 2364 vetustate
366 2299 505 2362 ruinosis
526 2319 583 2382 per
603 2311 812 2362 terremotum
833 2300 1017 2382 proximum
1036 2319 1186 2382 magnam
1203 2301 1329 2364 ruinam
1346 2301 1462 2366 factam

195 2407 303 2488 fuisse,
327 2426 426 2469 unam
459 2425 535 2468 vero
566 2405 680 2468 turrim
711 2406 839 2490 penitus
870 2405 1045 2489 collapsam
1077 2425 1145 2469 esse
1178 2419 1209 2469 et
1231 2409 1274 2470 ob
1298 2408 1331 2470 id
1355 2410 1463 2473 menia

195 2515 280 2597 ipsa,
298 2513 464 2596 presertim
496 2531 568 2574 cum
605 2512 638 2574 in
669 2510 849 2574 confinibus
880 2512 990 2574 civitas
1020 2512 1087 2594 ipsa
1118 2513 1177 2574 sita
1209 2512 1259 2592 sit,
1286 2516 1462 2578 necessaria

194 2619 429 2683 reformatione
460 2631 491 2680 et
514 2618 749 2681 restauracione
772 2618 949 2701 plurimum
974 2637 1077 2700 egere.
1102 2617 1279 2702 Cupientes
1303 2619 1400 2702 igitur
1425 2641 1462 2684 ea

194 2747 230 2788 ex
251 2725 439 2788 huiusmodi
460 2725 526 2786 suis
542 2724 642 2786 ruinis
663 2725 807 2804 relevari,
824 2725 956 2788 totalem
979 2724 1068 2786 illam
1086 2725 1288 2788 solucionem
1303 2727 1462 2790 tricesima

194 2845 312 2912 nostre,
337 2850 436 2914 quam
468 2830 561 2893 nobis
590 2830 655 2892 duo
687 2851 725 2893 ex
756 2830 879 2893 civibus
911 2842 942 2892 et
973 2831 1205 2893 mercatoribus
1236 2833 1325 2914 regni
1362 2833 1462 2896 nostri

194 2937 379 3017 Sclauonie,
402 2949 497 3020 puta:
531 2937 692 2999 Fabianus
723 2957 796 2999 cum
828 2935 922 2999 fratre
946 2957 1005 2999 suo
1031 2935 1191 3019 Gregorio
1215 2937 1463 3022 Kokoryawchy

192 3045 270 3108 dicti
295 3043 336 3106 de
360 3042 497 3122 Raccha,
522 3062 670 3106 necnon
700 3041 847 3106 Matheus
871 3043 938 3105 Her
961 3042 1065 3105 dictus
1088 3042 1128 3104 de
1153 3042 1310 3106 Zerdahel
1334 3045 1462 3108 racione
1542 3030 1546 3039 ¹

192 3169 473 3234 quarumcumque
503 3169 608 3212 rerum
642 3163 673 3213 et
708 3149 863 3212 mercium
894 3169 1024 3212 suarum
1056 3149 1258 3232 propriarum
1290 3163 1397 3213 tamen
1432 3166 1463 3214 et

192 3259 391 3342 privatarum
415 3256 631 3339 undecunque
659 3254 903 3319 deferendorum
933 3255 1052 3318 amodo
1076 3255 1158 3317 intra
1182 3256 1342 3338 integrum
1365 3257 1462 3320 trien·

194 3367 287 3428 nium
313 3363 416 3428 facere
441 3379 472 3427 et
495 3365 620 3428 solvere
643 3377 838 3427 tenerentur.
863 3363 941 3426 ltem
963 3382 1095 3426 censum
1112 3363 1213 3426 eciam
1230 3375 1261 3425 et
1275 3375 1380 3426 taram
1397 3365 1464 3426 sive

192 3471 391 3534 ordinariam
422 3471 489 3533 sive
522 3471 816 3551 extraordinariam,
840 3470 865 3532 si
898 3490 995 3553 quam
1027 3489 1087 3532 nos
1120 3468 1202 3532 infra
1234 3469 1315 3531 illud
1336 3481 1463 3556 tempus

192 3577 324 3641 triennii
345 3597 441 3662 super
460 3577 596 3640 eandem
617 3577 777 3641 civitatem
796 3589 937 3639 nostram
956 3577 1206 3659 imponeremus,
1223 3576 1344 3656 integre
1361 3595 1462 3658 usque

193 3685 234 3747 ad
265 3681 426 3767 prefatum
457 3683 631 3746 triennium
664 3683 704 3746 ad
737 3683 864 3746 labores
891 3697 922 3745 et
951 3682 1220 3744 restauracionem
1245 3680 1461 3764 predictorum

192 3792 378 3853 meniorum
411 3802 441 3852 et
468 3789 563 3852 turris
587 3789 716 3872 delapsa
740 3790 939 3852 ereccionem
964 3788 1182 3872 deputandam
1208 3806 1246 3848 ex
1271 3787 1406 3849 consilio
1431 3799 1462 3849 et

193 3896 433 3959 deliberacione
453 3895 660 3958 dominorum
677 3893 874 3978 prelatorum
895 3908 927 3958 et
943 3897 1101 3958 baronum
1115 3908 1298 3956 nostrorum
1313 3893 1462 3956 duximus

192 4003 237 4064 ita
268 4001 429 4082 videlicet,
457 4001 546 4086 quod
577 3999 690 4084 prefati
722 4001 788 4064 duo
819 4015 1011 4064 mercatores
1043 3999 1198 4082 quicquid
1230 3999 1461 4062 tricesimamm

192 4109 289 4170 nobis
324 4120 355 4170 et
389 4107 520 4190 prefatis
555 4108 839 4171 tricesimatoribus
875 4109 992 4170 nostris
1026 4107 1154 4169 racione
1190 4125 1296 4167 rerum
1331 4125 1460 4168 suarum

192 4214 397 4297 propriarum
421 4213 574 4276 duntaxat
597 4227 633 4276 ut
659 4212 816 4298 prefertur
844 4225 875 4278 et
898 4214 1094 4297 privatarum
1119 4211 1222 4274 facere
1245 4223 1404 4292 tenentur,
1428 4211 1461 4274 id

192 4333 298 4383 totum
330 4317 411 4382 infra
446 4319 507 4382 hoc
537 4321 641 4402 ipsum
677 4335 814 4404 tempus,
840 4341 857 4382 a
893 4320 966 4382 data
996 4318 1198 4403 presencium
1231 4317 1460 4400 computando,

192 4427 235 4489 ad
259 4445 374 4488 manus
407 4425 522 4508 judicis
546 4439 577 4488 et
607 4426 726 4488 civium
757 4427 797 4489 ad
822 4426 855 4488 id
879 4426 1106 4510 deputatorum
1130 4425 1290 4506 assignare
1314 4422 1462 4486 debeant.

193 4531 281 4594 Casu
315 4551 402 4610 vero,
425 4551 491 4615 quo
524 4533 583 4615 ipsi
611 4533 856 4596 tricesimatores
879 4533 1000 4596 vellent
1023 4532 1097 4594 huic
1122 4543 1228 4593 nostre
1253 4530 1458 4612 deputacioni

193 4636 276 4700 infra
305 4651 433 4720 tempus
457 4639 648 4720 premissum
673 4639 829 4702 contraire
854 4652 885 4702 et
909 4639 998 4700 illam
1023 4638 1156 4716 violare,
1180 4649 1256 4697 tunc
1281 4635 1340 4718 ipsi
1364 4635 1460 4717 judex

192 4757 225 4805 et
247 4743 333 4806 cives
357 4743 478 4826 prefate
504 4745 638 4807 civitatis
659 4758 766 4808 nostre
787 4744 917 4808 eosdem
941 4744 1023 4807 duos
1045 4755 1237 4806 mercatores
1256 4753 1364 4803 nostra
1386 4741 1462 4824 ipsis

191 4850 395 4932 presentibus
427 4871 576 4913 concessa
599 4852 787 4914 auctoritate
810 4850 984 4914 defendere
1008 4863 1039 4913 et
1062 4849 1242 4912 conducere
1266 4866 1339 4909 cum
1364 4849 1460 4909 rebus

191 4949 384 5038 salsusque
409 4957 448 5018 ad
473 4957 544 5019 loca
566 4970 644 5038 tuta,
669 4957 776 5021 habita
802 4959 842 5020 ab
867 4958 912 5019 eis
935 4955 1120 5019 tricesimali
1144 4953 1311 5017 solucione
1322 4999 1460 5016 .....

301 5095 438 5162 Originale
456 5097 480 5148 la
494 5098 592 5163 charta,
607 5099 682 5150 valde
698 5099 812 5150 laceram
826 5103 853 5150 et
867 5112 992 5152 mancum.
1008 5097 1034 5148 ln
1051 5095 1148 5149 archiv.
1163 5091 1208 5148 lib.
1222 5109 1277 5160 reg.
1292 5094 1341 5147 clv.
1354 5095 1460 5158 angrab.

1342 5179 1355 5206 a
