3752 5806
831 499 905 556 Doc.
917 510 975 576 54.
996 531 1033 541 -
1052 500 1107 560 Aa.
1124 510 1211 575 1507.

1347 605 1652 614 ...μ-*-

496 741 531 806 (Α
551 742 652 807 tergo),
690 727 781 804 1506.
806 725 839 786 ln
871 725 1012 807 profesto
1044 727 1135 788 beate
1169 727 1317 806 Barbare,
1346 726 1498 788 dominus
1522 728 1658 790 vicarius

391 831 596 912 adjudicavit,
621 843 655 892 ut
686 831 838 892 Nicoleus
862 830 1017 892 litteratus
1050 831 1089 892 de
1114 832 1256 893 Abbacia
1280 831 1361 893 infra
1385 851 1502 894 novem
1526 832 1595 894 dies
1619 833 1659 894 de

392 951 465 1000 octo
497 937 627 1000 florenis
658 957 714 1018 per
745 936 883 998 condam
913 936 1049 998 Paulum
1081 951 1223 1000 sutorem
1255 937 1295 999 de
1320 937 1468 1020 lwanych
1492 937 1578 1020 apud
1603 938 1660 1000 do-

392 1044 516 1106 minum
549 1043 691 1105 blasium
731 1041 936 1125 Pohkowych
973 1041 1160 1105 defunctum
1198 1043 1320 1124 legatis,
1354 1044 1494 1106 dominis
1524 1047 1656 1127 preben-

392 1150 489 1211 dariis
505 1147 685 1211 satisfaciat.
700 1149 903 1210 Presentibus
919 1150 1093 1212 venerabili
1107 1151 1253 1229 domino,
1270 1150 1415 1212 Iohanne
1432 1151 1654 1212 archidiacono

390 1256 570 1338 gorycensi,
617 1257 714 1334 Luca,
749 1255 889 1337 plebano
926 1255 965 1316 de
998 1256 1070 1317 vico
1104 1269 1249 1318 sutorum
1285 1269 1315 1317 et
1347 1257 1499 1337 magistro
1535 1256 1653 1317 Briccio

393 1362 559 1423 canonico,
594 1362 634 1422 Et
656 1361 794 1422 termino
824 1360 1014 1423 adveniente
1038 1362 1143 1423 adhuc
1167 1383 1205 1423 ex
1228 1361 1424 1442 benignitate
1456 1361 1572 1440 judicis
1595 1361 1656 1422 dati

391 1481 464 1528 sunt
495 1467 556 1528 sibi
588 1481 651 1528 tres
682 1465 760 1545 dies,
793 1467 938 1548 alioquin
963 1468 1303 1530 excommunicabitur.
1329 1468 1496 1529 Presente:
1529 1469 1657 1546 lectore,

394 1573 530 1635 Kemlek
554 1587 613 1635 etc.

500 1679 624 1741 Eodem
657 1679 710 1741 die
742 1679 819 1740 hora
851 1699 1067 1761 vesperarum,
1092 1678 1236 1760 judicans
1268 1679 1421 1740 dominus
1444 1680 1582 1742 vicarius
1604 1680 1658 1741 de-

393 1786 500 1864 crevit,
525 1799 560 1846 ut
595 1785 775 1866 Stephanus
811 1785 966 1847 litteratus
1001 1785 1040 1846 de
1076 1805 1129 1846 sex
1164 1785 1295 1847 florenis
1329 1784 1411 1846 infra
1442 1805 1558 1847 novem
1593 1787 1658 1847 dies

393 1911 467 1952 cum
498 1891 638 1953 dominis
669 1891 888 1973 prebendariis
912 1905 1101 1973 componat;
1132 1892 1220 1972 quod
1244 1892 1269 1951 si
1294 1911 1489 1972 componere
1513 1912 1579 1953 non
1605 1912 1658 1973 po

393 1998 465 2058 terit
497 2011 611 2059 extunc
643 1998 710 2079 ipse
745 2016 832 2058 nono
868 1996 920 2058 die
951 1997 1166 2077 juramentum
1200 2017 1239 2059 eo
1264 1997 1374 2076 mod0,
1406 2017 1472 2078 quo
1497 2018 1552 2079 per
1576 1998 1659 2058 cives

393 2103 424 2164 in
450 2103 570 2184 judicio
603 2103 661 2164 luit
686 2103 746 2164 sibi
774 2102 989 2183 juramentum
1012 2102 1230 2180 adjudicatum
1255 2115 1285 2164 et
1319 2115 1367 2164 tot
1400 2105 1555 2184 personis,
1582 2117 1660 2185 quot

394 2208 453 2270 luit
485 2209 713 2288 adjudicatum,
749 2208 898 2290 deponet,
931 2208 1076 2289 alioquin
1108 2209 1210 2270 solvet
1241 2209 1385 2270 debitum
1417 2229 1470 2271 sex
1495 2209 1565 2271 flor.
1588 2209 1660 2271 Pre-

393 2315 535 2375 senribus
574 2315 692 2376 ibidem
734 2315 906 2376 venerabili
939 2313 1073 2375 domino
1106 2314 1246 2390 An'drea,
1277 2314 1478 2376 decretorum
1515 2315 1659 2394 doctore,

394 2421 619 2482 archidiacono
645 2421 790 2498 Kemlelt,
815 2419 990 2500 magistris:
1016 2420 1134 2482 Bricrio
1158 2433 1189 2481 et
1213 2421 1443 2482 Bartholomeo
1460 2435 1659 2503 succentore,

394 2527 556 2588 canonicis
578 2504 850 2608 zagrabiensibus.
1118 2507 1124 2518 ⁶

501 2632 614 2694 Adhuc
647 2647 692 2693 est
723 2633 878 2694 terminus
910 2632 1003 2694 datus
1039 2631 1116 2694 feria
1144 2633 1241 2694 tercia
1272 2633 1417 2714 proxima
1449 2648 1521 2714 post
1545 2631 1661 2694 festum

395 2737 523 2800 Thome
556 2739 692 2820 apostoli
723 2739 803 2818 1506
834 2757 893 2820 pro
928 2739 1099 2800 concordia
1136 2738 1251 2800 fienda.
1287 2739 1490 2800 Adveniente
1522 2739 1661 2800 termino

395 2843 546 2906 dominus
577 2845 713 2906 vicarius
746 2844 869 2926 prefixit
900 2845 1073 2906 terminum
1105 2845 1146 2906 ad
1179 2845 1408 2927 deponendum
1439 2845 1537 2906 tercia
1565 2865 1662 2907 manu

395 2949 620 3030 juramentum,
646 2949 757 3012 leriam
788 2963 909 3011 sextam
940 2951 1120 3033 proximam
1152 2963 1223 3032 post
1252 2963 1379 3012 octavas
1404 2951 1659 3032 Epiphaniarum

394 3055 529 3117 domini.
554 3056 756 3118 Presentibus
780 3057 943 3138 Stephano
969 3057 1121 3135 Chersek,
1143 3057 1274 3118 Simone
1300 3057 1339 3118 de
1364 3057 1479 3138 Cerye,
1498 3056 1655 3138 plebanis,

395 3173 426 3222 et
450 3161 595 3224 Janlrone
619 3162 658 3222 de
683 3163 840 3245 Prybych.

501 3301 638 3368 Originale
658 3301 682 3353 in
702 3304 799 3356 charla.
813 3301 841 3354 lu
860 3303 979 3368 margine
998 3302 1116 3355 inferiori
1135 3301 1295 3367 impressum
1314 3308 1356 3353 est
1375 3300 1501 3367 sigillum.
1518 3301 1549 3355 lu
1563 3302 1660 3355 archiv.

395 3390 456 3440 hon.
476 3392 536 3443 soll.
555 3392 818 3444 Praebenderiorurn.

996 3658 1057 3722 54.

501 3799 576 3850 Anno
598 3799 673 3862 1507,
694 3799 716 3848 7.
734 3795 808 3863 junii.
828 3797 925 3849 Eudae.

404 3961 578 4029 Vladistaus,
600 3961 758 4033 Hungarie
787 3967 837 4018 etc.
868 3979 931 4034 rex,
958 3962 1102 4034 praecidit
1130 3961 1221 4034 bamb,
1255 3968 1289 4017 ut
1317 3961 1432 4030 nobiles,
1462 3963 1491 4018 si
1511 3980 1531 4016 a
1554 3962 1663 4019 civibus

396 4067 627 4140 zagrttbiensibus
643 4068 805 4139 portorium
829 4067 877 4123 vel
900 4067 1035 4123 telonium
1062 4064 1275 4140 redemerint,
1301 4065 1333 4124 in
1348 4067 1407 4141 jus
1430 4075 1530 4124 vocent
1555 4068 1662 4124 octavis

699 4173 804 4245 primis
825 4173 854 4228 in
878 4191 967 4245 regno
991 4171 1147 4230 Slaoombe
1172 4172 1353 4231 celebrando.

1084 4310 1244 4362 commissio
1263 4310 1373 4374 propria
1392 4310 1490 4361 donini
1510 4310 1592 4375 regis.

502 4433 702 4496 Wladislaus
725 4435 777 4496 dei
800 4436 906 4516 gracia
929 4455 982 4496 rex
1008 4434 1174 4516 Hungarie
1198 4447 1228 4495 et
1245 4433 1401 4495 Bohemie
1425 4447 1483 4494 etc.
1498 4433 1663 4496 Fidelibus

398 4541 513 4601 nostris
545 4541 722 4621 magnificis
751 4541 878 4602 Andree
911 4540 993 4602 Both
1025 4541 1064 4601 de
1097 4541 1206 4623 Bayna
1237 4551 1267 4600 et
1299 4540 1408 4602 Marco
1441 4539 1598 4601 Horwath
1623 4539 1661 4601 de

398 4646 611 4727 Kamychacz,
636 4665 808 4726 regnorum
840 4661 1021 4708 nostrorum
1053 4646 1228 4724 Dalmacie,
1261 4644 1396 4706 Croacie
1429 4657 1461 4705 et
1493 4645 1661 4708 Sclavonie

398 4752 499 4830 banis,
524 4765 554 4813 et
575 4753 705 4833 egregio
730 4754 877 4814 Emerico
903 4753 942 4814 de
966 4750 1381 4834 Hassagh,prothonotario
1405 4751 1550 4812 eiusdem
1574 4751 1661 4833 regni

398 4857 497 4918 nostri
523 4857 703 4937 Sclavonie,
717 4859 853 4920 salutem
877 4873 908 4921 et
931 4860 1081 4940 graciam.
1099 4861 1145 4920 Ex
1168 4857 1307 4939 querelis
1324 4870 1354 4918 et
1370 4857 1662 4939 supplicationibus

398 4962 543 5024 fidelium
575 4977 757 5025 nostrorum
789 4965 1093 5048 circumspectorum
1129 4965 1243 5046 judicis
1275 4977 1306 5024 et
1329 4963 1517 5044 juratorum,
1542 4979 1661 5025 cetero·
