3808 5792
636 513 710 570 Dec.
736 525 804 590 154.
835 547 876 556 —
901 511 1068 590 An.1518.

814 741 897 805 154.

326 896 401 947 Anno
424 897 498 948 1518.
520 899 561 948 31.
582 899 694 963 augusti.
717 899 814 950 Budas.

221 1023 250 1079 A
272 1023 420 1082 Ludow'co
445 1025 498 1094 ΙΙ.,
522 1027 624 1098 Hung.
647 1033 697 1086 etc.
720 1045 794 1100 rege,
819 1027 928 1083 Petms
951 1024 1122 1086 Berislavir
1145 1029 1236 1085 banus
1258 1002 1489 1106 reprehendatur,

262 1131 414 1204 quodper
435 1129 712 1209 summitatemque
736 1151 756 1188 a
779 1134 979 1192 communitate
1010 1135 1133 1190 civitatis
1152 1149 1221 1210 300
1237 1135 1304 1209 for.
1329 1138 1441 1209 recepit.

875 1269 1035 1322 commissio
1056 1271 1165 1336 propria
1185 1273 1283 1324 domiai
1303 1273 1383 1338 regis.

330 1359 516 1421 Ludouicus
550 1359 602 1421 dei
629 1359 735 1441 gracia
767 1379 821 1421 rex
854 1359 1020 1440 Hungarie
1053 1373 1084 1421 et
1115 1361 1269 1423 Bohemie
1302 1376 1361 1425 etc.
1385 1363 1488 1425 Fideli

224 1476 333 1525 nostro
357 1467 534 1527 reverendo
559 1467 591 1527 in
617 1465 746 1528 Christo
770 1465 862 1548 patri,
888 1465 1022 1526 domino
1047 1467 1140 1527 Petro
1165 1467 1312 1550 Beryzlo,
1337 1469 1488 1552 episcopo

222 1569 354 1632 ecclesie
379 1572 628 1654 wesprimiensis
652 1593 687 1634 ac
722 1576 895 1654 regnorum
927 1585 1110 1634 nostrorum
1144 1573 1320 1654 Dalmacie,
1354 1575 1489 1638 Croacie

223 1689 253 1736 et
278 1675 449 1742 Sclauonie
474 1680 569 1758 bano,
594 1679 729 1740 salutem
754 1691 784 1740 et
806 1679 958 1760 graciam.
992 1679 1053 1740 Pro
1090 1694 1180 1762 parte
1215 1693 1247 1742 et
1278 1681 1310 1742 in
1343 1683 1489 1764 personis

221 1779 367 1844 fidelium
392 1799 575 1846 nostrorum
600 1785 795 1867 prudentum
821 1799 851 1846 et
883 1785 1188 1867 circumspectorum
1212 1787 1326 1868 judicis
1350 1801 1381 1850 et
1405 1788 1489 1870 jura-

222 1899 340 1967 torum,
366 1905 610 1972 ceterorumque
629 1891 748 1953 civium
773 1911 809 1953 ac
833 1892 937 1952 tocius
960 1892 1200 1953 communitatis
1225 1893 1360 1955 civitatis
1384 1907 1490 1956 nostre

222 1997 342 2058 montis
367 1996 537 2059 Grecensis
567 1998 657 2079 gravi
691 1998 868 2059 admodum
901 2017 973 2058 cum
1006 1998 1136 2078 querela
1168 2011 1274 2060 nostre
1308 2001 1488 2082 expositum

223 2103 325 2188 extitit
348 2104 525 2166 Maiestati:
551 2105 688 2186 qualiter
713 2105 771 2186 ipsi
797 2117 906 2167 contra
931 2104 1079 2185 antiquas
1102 2101 1220 2168 eorum¹
1241 2119 1272 2166 et
1296 2106 1379 2168 dicte
1414 2108 1489 2168 civi·

221 2208 295 2268 tatis
318 2221 425 2270 nostre
448 2211 568 2270 montis
596 2209 766 2272 Grecensis
799 2210 971 2289 libertates,
1004 2211 1128 2272 adivis
1160 2212 1326 2292 quondam
1362 2213 1490 2295 regibus

223 2313 399 2394 Hungarie,
425 2316 541 2376 nostris
564 2316 684 2377 scilicet
708 2316 987 2397 predecessoribus
1011 2317 1086 2398 ipsis
1111 2337 1277 2379 concessas
1301 2330 1332 2379 et
1354 2339 1412 2400 per
1434 2339 1489 2401 pa-

221 2433 346 2482 ternam
371 2441 502 2502 quoque
527 2423 726 2484 Maiestatem
767 2421 868 2484 felicis
902 2422 1068 2501 memorie,
1100 2422 1312 2502 confirmatas,
1346 2444 1490 2506 quasque

223 2539 254 2586 et
277 2547 337 2588 nos
361 2527 549 2590 confirmare
574 2543 604 2590 et
637 2529 723 2610 ipsos
754 2541 950 2610 exponentes
981 2548 1080 2610 penes
1111 2529 1296 2591 huiusmodi
1329 2531 1490 2592 libertates

223 2633 352 2714 pacifice
391 2649 498 2697 tenere
523 2649 554 2697 et
586 2655 786 2713 conservare,
818 2635 984 2715 tenerique
1018 2648 1049 2695 et
1081 2637 1261 2697 conservari
1298 2636 1400 2698 lacere
1435 2658 1492 2719 per

222 2759 336 2802 omnes
360 2741 505 2803 subditos
528 2756 654 2804 nostros
678 2741 886 2819 intendimus,
909 2741 1086 2822 plurimum
1111 2761 1167 2823 per
1191 2741 1249 2802 hos
1273 2742 1340 2803 dies
1364 2755 1394 2804 et
1409 2755 1489 2804 tem-

220 2866 300 2928 pora
324 2861 479 2910 transacta
503 2846 636 2910 fuissent
660 2867 716 2930 per
740 2848 806 2910 Vos
829 2847 946 2909 turbati
992 2859 1022 2908 et
1046 2848 1216 2910 molestati.
1248 2849 1331 2910 Nam
1355 2869 1394 2910 eo
1425 2869 1489 2911 non

223 2967 344 3031 curat0,
369 2954 457 3035 quod
482 2955 547 3037 ipsa
573 2955 684 3016 civitas
708 2967 815 3016 nostra
840 2967 935 3034 atque
952 2954 1037 3014 cives
1054 2966 1085 3014 et
1102 2953 1330 3016 inhabitatores
1346 2954 1490 3016 eiusdem

223 3061 333 3121 omnia
360 3079 486 3142 semper
521 3060 728 3122 humanitatis
762 3059 867 3122 officia
903 3080 977 3141 erga
1002 3061 1068 3122 Vos
1102 3059 1330 3141 exhibuissent,
1365 3062 1489 3123 tametsi

223 3167 424 3246 exigentibus
448 3167 580 3228 vetustis
604 3187 715 3228 eorum
740 3166 940 3228 libertatibus
964 3165 1088 3228 nullam
1111 3167 1187 3228 bani
1212 3168 1312 3228 nostri
1336 3188 1395 3249 pro
1411 3181 1490 3230 tem·

223 3291 300 3354 pore
325 3273 487 3334 constituti
511 3292 607 3354 super
630 3273 742 3334 eadem
767 3273 893 3334 civitate
918 3285 1025 3334 nostra
1050 3287 1081 3334 et
1104 3273 1189 3334 cives
1206 3293 1241 3334 ac
1258 3273 1490 3336 inhabitarores

223 3379 369 3440 eiusdem
392 3378 588 3457 habuissent,
612 3379 830 3460 haberentque
854 3379 1124 3460 jurisdictionem,
1157 3380 1258 3440 immo
1290 3399 1394 3461 neque
1421 3380 1490 3441 des-

223 3505 354 3547 censum
379 3485 412 3546 in
437 3486 551 3547 eadem
575 3485 678 3548 facere
702 3499 842 3568 possent,
867 3506 884 3546 a
908 3485 1039 3567 prelatis
1064 3486 1299 3567 exponentibus
1315 3487 1432 3568 partim
1450 3485 1489 3546 de

224 3591 369 3673 pecuniis
400 3591 542 3671 ecclesie,
573 3593 689 3674 partim
722 3611 799 3654 vero
831 3591 950 3653 civium
982 3592 1126 3673 ipsorum
1162 3605 1320 3652 trecentos
1352 3592 1491 3652 florenos

224 3698 422 3780 recepissetia
446 3712 476 3760 et
507 3698 725 3777 extorsissetis,
758 3699 829 3760 aliis
862 3698 964 3760 eciam
997 3697 1239 3759 turbationibus
1271 3709 1301 3758 et
1334 3697 1490 3758 molestiis

223 3804 310 3886 ipsos
335 3817 540 3886 exponentes,
564 3817 733 3886 propterea
761 3803 886 3866 fortasis
902 3805 978 3885 quia
1002 3803 1189 3864 fidelitatem
1214 3817 1244 3864 et
1268 3803 1490 3864 obedienciam

223 3909 325 3971 Vobis
348 3911 388 3972 ab
425 3910 545 3972 eisdem
570 3911 813 3992 exposcentibus
848 3909 1033 3992 promittere
1067 3921 1274 3987 recusassent,
1310 3909 1491 3969 affecissetis

225 4029 255 4078 et
278 4015 404 4078 afficere
428 4017 552 4088 velletis
576 4030 606 4078 et
629 4016 811 4078 niteremini
837 4016 869 4077 in
893 4016 1106 4098 preiudicium
1130 4016 1313 4077 libertatum
1347 4016 1490 4097 ipsorum

225 4136 255 4184 et
278 4123 520 4206 oppressionem
545 4137 640 4204 atque
666 4123 904 4185 desolacionem
929 4121 1064 4183 civitatis
1087 4133 1194 4183 nostre
1218 4121 1359 4204 predicte
1383 4141 1418 4182 ac
1443 4119 1490 4202 ip·

224 4249 332 4291 sorum
357 4230 592 4311 exponencium
616 4229 829 4292 manifestam.
855 4229 948 4291 Unde
975 4248 1032 4289 nos
1067 4241 1195 4308 accepta
1229 4227 1406 4288 eorundem
1440 4245 1491 4286 ex-

225 4337 420 4417 ponencium
444 4336 615 4418 superinde
651 4336 901 4417 supplicacione,
937 4335 1148 4414 nolentesque
1178 4335 1263 4416 ipsos
1295 4334 1327 4394 in
1360 4331 1492 4392 vetustis

226 4461 337 4503 eorum
362 4441 486 4523 juribus
511 4455 542 4503 et
577 4442 773 4503 libertatibas
807 4441 948 4502 indebite
984 4459 1040 4522 per
1071 4440 1241 4520 quospiam
1278 4438 1426 4520 impediri
1462 4453 1492 4499 et

226 4549 398 4626 molestari,
423 4547 569 4609 fidelitati
594 4561 696 4608 vestre
721 4561 816 4628 atque
841 4547 932 4607 banis
967 4545 1083 4606 nostris
1106 4565 1165 4626 pro
1197 4559 1342 4626 tempore
1375 4545 1491 4605 consti-

224 4655 298 4716 tutis
323 4653 436 4716 harum
462 4653 542 4716 serie
568 4652 746 4714 firmissime
781 4653 1012 4714 committimus
1046 4665 1076 4712 et
1100 4651 1301 4729 mandamus,
1335 4663 1493 4731 quatenus

226 4761 342 4822 amodo
368 4761 520 4842 deinceps
544 4758 684 4842 prelatos
708 4771 904 4840 exponentes
928 4771 1036 4819 contra
1062 4756 1248 4818 huiusmodi
1265 4755 1429 4818 libertates
1446 4757 1491 4838 ip-

225 4886 333 4928 sorum
357 4880 388 4928 et
412 4867 495 4928 dicte
520 4865 655 4927 civitatis
679 4879 785 4927 nostre
809 4865 928 4926 montis
953 4861 1121 4926 Grecensis
1138 4864 1170 4924 in
1187 4863 1297 4944 aliquo
1317 4863 1489 4924 molestare

226 4987 278 5035 aut
302 4993 357 5035 eos
381 4973 432 5035 vel
456 4973 600 5053 aliquem
625 4992 736 5034 eorum
762 4973 802 5034 ad
827 4973 1046 5034 inconsvetam
1079 4983 1109 5031 et
1142 4970 1318 5031 indebitam
1350 4969 1490 5049 aliquam
