3732 5802
391 533 449 593 106
812 535 885 592 Doc.
908 548 964 612 94„
987 566 1024 576 -
1049 533 1105 595 An.
1131 546 1217 609 1511.

383 639 995 646 ---—.—.—.——-—-—--——.
1015 641 1159 647 -.——-

384 773 576 822 mercatores
599 763 667 823 sine
691 760 923 844 impedImento
944 761 1137 822 mercancias
1157 760 1304 824 fecissent
1327 777 1358 824 et
1376 763 1596 825 vendidissent
1615 765 1646 825 in

384 867 536 948 capitulo,
561 865 665 929 lorum
697 881 804 929 autem
835 865 1074 948 quottidianum
1101 887 1226 950 semper
1249 868 1387 930 liberum
1410 869 1593 932 babuerunt
1616 870 1647 931 ln

384 973 535 1054 capitulo.
560 974 648 1052 Item,
669 973 829 1055 Georgius
849 972 1056 1056 Castellanffy
1076 973 1198 1055 juratus
1213 989 1244 1035 et
1260 976 1468 1055 examinatus,
1485 975 1586 1038 lassus
1602 991 1648 1038 est

383 1079 464 1140 scitu
485 1093 518 1141 ut
539 1080 702 1142 Balthasar
725 1080 764 1140 de
786 1079 942 1161 Batthyan
960 1079 1135 1161 precedens
1155 1081 1254 1159 testis,
1271 1081 1400 1163 dempta
1420 1082 1597 1144 residencia
1618 1095 1648 1144 et

383 1184 569 1248 officiolatu.
589 1187 676 1265 Item,
694 1185 855 1248 Iohannes
872 1186 1002 1270 Fanchy
1018 1186 1057 1248 de
1076 1184 1239 1249 Gordowa
1255 1187 1376 1269 juratus
1393 1201 1424 1249 et
1440 1187 1649 1268 examinatus,

385 1291 484 1353 lassus
517 1305 563 1353 est
593 1293 673 1354 scitu
697 1313 754 1374 per
778 1293 886 1354 omnia
912 1307 947 1354 ut
970 1293 1135 1355 Balthasar
1159 1294 1198 1355 de
1223 1294 1392 1376 Batthyan,
1417 1295 1547 1377 dempta
1572 1295 1646 1357 resi-

384 1399 497 1460 dencia
528 1413 558 1460 et
590 1399 777 1461 officiolatu.
802 1399 880 1461 Item
913 1399 1100 1461 Franciscus
1132 1399 1252 1461 Keczer
1284 1399 1323 1462 de
1347 1400 1503 1478 Radwan,
1527 1401 1648 1481 juratus

384 1518 415 1566 et
445 1506 653 1585 examinatus,
683 1504 783 1566 lassus
810 1518 866 1585 est,
889 1504 978 1586 quod
1013 1507 1078 1587 lpse
1108 1504 1219 1567 fuisset
1251 1505 1284 1566 ln
1308 1525 1407 1587 regno
1433 1506 1647 1569 Sclauoniea

384 1612 524 1693 puericia
548 1633 603 1674 sua
628 1611 781 1674 educatus
804 1627 835 1674 et
858 1612 974 1674 latetur
989 1612 1099 1674 omnia
1114 1613 1195 1673 scitu
1211 1627 1247 1674 ut
1262 1612 1384 1693 primus
1401 1613 1498 1690 testis,
1515 1613 1648 1695 dempto

383 1717 559 1780 olfieIolatu
584 1731 613 1780 et
634 1718 819 1780 residencia.
843 1719 920 1780 Item
938 1718 1075 1781 Michael
1093 1718 1222 1779 Kerhen
1239 1718 1278 1778 de
1296 1717 1510 1780 Bellossowcz
1527 1717 1648 1800 juratus

383 1837 414 1884 et
437 1825 646 1902 examanitus,
671 1823 772 1886 lassus
797 1838 843 1886 est
867 1825 946 1887 scitu
971 1844 1027 1906 per
1051 1824 1160 1886 omnia
1185 1837 1219 1885 ut
1244 1822 1403 1905 Georgius
1427 1823 1646 1906 Castellanlly.

385 1930 462 1991 Item
487 1929 666 2012 Stephanus
690 1931 730 1992 de
756 1929 932 1992 Gwdowcz
956 1931 1077 2011 juratus
1101 1943 1132 1991 et
1154 1930 1362 2009 examinatus,
1380 1928 1481 1990 fassus
1500 1943 1549 1991 est
1568 1929 1648 1991 scitu

383 2048 418 2096 ut
440 2035 600 2116 Georgius
624 2036 842 2119 Castellanffy.
869 2038 946 2098 Item
971 2037 1089 2098 nobilis
1115 2037 1225 2097 Petrus
1245 2035 1412 2118 Fynthych
1434 2035 1473 2096 de
1495 2035 1648 2118 Polyana,

383 2140 476 2221 judex
502 2143 660 2204 nobilium
688 2142 831 2204 eiusdem
855 2143 1025 2204 comitatus
1048 2141 1215 2220 crisiensis,
1240 2141 1360 2222 juratus
1384 2154 1414 2202 et
1438 2141 1649 2222 examinatus,

384 2246 484 2308 lassus
500 2262 556 2328 est,
573 2250 660 2331 quod
679 2251 744 2332 ipse
762 2250 855 2310 sciret
872 2263 902 2310 et
918 2249 978 2310 sibi
994 2261 1154 2311 constaret
1170 2247 1344 2326 evidenter,
1361 2246 1449 2328 quod
1467 2246 1649 2329 Stephanus

384 2355 539 2415 Kewlked
565 2356 595 2416 ln
621 2355 720 2417 domo
745 2375 801 2417 sua
824 2356 927 2417 tenuit
950 2354 1093 2416 boltham
1122 2367 1153 2416 et
1177 2354 1278 2416 eciam
1303 2354 1335 2414 in
1359 2352 1458 2414 domo
1481 2351 1651 2435 hospitalis

382 2459 515 2540 predicti
539 2475 645 2522 sancte
663 2461 829 2523 Elizabcth
851 2461 1031 2522 habuerunt
1053 2473 1084 2521 et
1100 2473 1271 2521 tenuerunt
1288 2458 1412 2520 bolthas
1428 2471 1459 2520 et
1476 2459 1508 2520 in
1527 2459 1649 2520 eisdem

382 2585 506 2646 pannos
529 2581 560 2628 et
581 2567 660 2628 alias
684 2568 824 2628 diversas
844 2581 875 2629 et
893 2567 1051 2648 quaslibet
1072 2565 1266 2626 mercancias
1286 2564 1467 2626 habuerunt
1490 2578 1522 2626 et
1538 2577 1649 2627 tenue-

382 2687 456 2733 runt
476 2693 511 2734 ac
532 2673 746 2735 vendiderunt
769 2675 836 2734 sine
858 2674 969 2754 aliquo
986 2671 1230 2754 impedimento,
1247 2685 1277 2733 et
1293 2670 1381 2752 quod
1397 2690 1526 2752 semper
1541 2669 1649 2732 lorum

382 2777 414 2838 in
439 2779 580 2860 capitulo
604 2780 802 2860 zagrabiensi
827 2779 1008 2841 habuerunt
1031 2779 1169 2840 liberum
1189 2778 1287 2838 instar
1306 2791 1485 2838 ceterorum
1503 2775 1648 2838 fororum

381 2883 566 2948 liberorum.
585 2887 661 2946 Item
680 2885 839 2968 Georgius
863 2887 903 2947 de
920 2885 1181 2963 Bonthossowcz,
1198 2883 1343 2944 similiter
1366 2882 1461 2964 judex
1486 2883 1649 2944 nobilium

381 2989 457 3050 dicti
481 2991 649 3053 comitatus
680 2993 837 3053 crisiensis
860 2992 980 3073 juratus
1007 3005 1037 3052 et
1062 2991 1269 3068 examinatus,
1294 2987 1394 3050 lassus
1417 3003 1465 3050 est
1487 2990 1569 3050 scitu
1592 3010 1650 3072 per

381 3097 490 3157 omnia
523 3111 557 3157 ut
588 3097 698 3159 Petrus
727 3097 906 3180 Fynthycb‚
930 3098 1018 3158 testis
1040 3097 1161 3157 scilicet
1182 3095 1327 3177 proxime
1351 3093 1536 3177 precedens.
1559 3096 1649 3176 Item,

381 3203 531 3283 magister
554 3204 699 3264 Andreas
723 3205 833 3266 Budor
857 3204 897 3265 de
922 3203 1110 3265 derowcz
1138 3200 1238 3263 lassus
1262 3213 1318 3279 est,
1343 3201 1431 3281 quod
1457 3201 1649 3283 capitulares
1730 3213 1739 3230 '

380 3327 506 3388 semper
537 3307 642 3370 forum
675 3309 1033 3388 liberum'habuerunt,
1058 3309 1120 3370 alia
1149 3308 1283 3389 ignorat.
1308 3307 1385 3368 Item
1420 3306 1583 3369 lohannes
1608 3307 1648 3369 de

382 3413 589 3474 Gathalowcz
621 3416 739 3476 nobilis
772 3415 941 3476 comitatus
970 3414 1185 3495 zagrabiensis
1213 3425 1243 3473 et
1270 3412 1502 3491 warasdiensis‚
1526 3411 1649 3494 juratus

381 3532 411 3580 et
434 3521 643 3600 examinatus,
665 3520 765 3581 lassus
789 3535 835 3581 est
859 3521 950 3598 scitu,
975 3521 1056 3581 sicut
1088 3519 1209 3602 prImus
1231 3520 1319 3580 testis
1343 3539 1399 3600 per
1422 3518 1543 3580 omnia.
1568 3519 1648 3579 Item

381 3625 540 3705 Georgius
565 3626 720 3687 Horwath
746 3626 785 3688 de
811 3627 1040 3707 Chapolowcz,
1059 3625 1180 3707 juratus
1196 3639 1227 3687 et
1247 3626 1456 3703 examinatus,
1477 3622 1579 3685 lassus
1601 3637 1648 3685 est

380 3732 459 3792 scitu
476 3751 532 3813 per
548 3733 656 3793 omnia
671 3747 705 3793 ut
718 3733 840 3814 prImus
858 3733 954 3794 testis.
973 3733 1051 3793 Item
1069 3731 1229 3792 Iohannes
1247 3731 1357 3792 Punek
1375 3730 1414 3790 de
1432 3730 1646 3809 Puneltowcz,

379 3837 500 3918 juratus
533 3851 563 3899 et
594 3839 801 3916 examinatus,
827 3838 927 3900 fassus
956 3851 1001 3899 est
1025 3858 1081 3919 per
1106 3838 1215 3899 omnia
1239 3851 1273 3898 ut
1297 3838 1419 3920 primus
1443 3837 1540 3898 testis.
1568 3836 1647 3896 Item

381 3944 516 4005 Michael
543 3945 683 4006 Leschalt
709 3945 747 4005 de
778 3945 1022 4023 Lescbakowcz‚
1041 3945 1160 4006 nobilis
1183 3944 1222 4004 de
1249 3944 1401 4004 comitatu
1425 3941 1645 4018 waradiensi,

380 4049 500 4130 juratus
534 4064 564 4112 et
596 4051 805 4130 examinatus,
837 4051 938 4113 lassus
972 4064 1018 4111 est
1049 4051 1141 4129 scitu,
1170 4050 1256 4130 quod
1292 4048 1433 4131 prelatus
1464 4047 1647 4129 Stephanus

381 4157 578 4217 Kewlkeda
609 4158 765 4218 memoria
797 4178 852 4219 sua
886 4159 998 4219 habuit
1030 4155 1175 4217 boltham
1207 4167 1237 4216 et
1269 4155 1427 4236 quaslibet
1450 4151 1647 4216 mercanclas

381 4263 412 4322 in
437 4262 549 4323 eadem
575 4263 729 4342 vendidit,
752 4265 804 4324 alii
830 4265 931 4324 eciam
955 4277 1147 4324 mercatores
1171 4262 1202 4321 in
1226 4261 1372 4322 tentoriis
1395 4261 1496 4321 eciam
1520 4279 1647 4342 semper

380 4368 479 4430 libere
512 4369 706 4429 mercancias
737 4389 849 4430 eorum
873 4369 1097 4430 vendiderunt.
1122 4369 1198 4427 Item
1225 4365 1336 4427 Simon
1361 4365 1401 4426 de
1426 4364 1645 4446 Zlawschyna‚

380 4471 500 4552 juratus
532 4487 562 4534 et
595 4474 803 4552 examInatus,
831 4473 932 4536 lassos
964 4487 1010 4534 est
1039 4473 1130 4551 scitu,
1162 4470 1249 4551 quod
1284 4489 1408 4552 semper
1439 4471 1470 4530 in
1504 4469 1645 4550 capitulo

380 4593 571 4640 mercatores
593 4593 764 4642 tenuerunt
789 4581 914 4642 bolthas
938 4595 967 4640 et
992 4578 1196 4640 mercancias.
1221 4578 1299 4638 Item
1323 4577 1435 4637 Petrus
1459 4575 1582 4658 Polyak
1606 4575 1645 4635 de

380 4682 537 4745 thodol
559 4699 589 4746 et
606 4685 758 4746 Clemens
779 4686 818 4746 de
839 4686 962 4763 eadem,
984 4685 1109 4745 nobiles
1129 4683 1298 4745 comitatus
1315 4681 1536 4743 svarasdiensis
1552 4679 1644 4762 jurati

381 4808 416 4848 ac
447 4809 589 4852 seorsum
619 4805 650 4852 et
681 4792 867 4872 singillatim
902 4791 1084 4870 examinati,
1109 4789 1183 4852 lassi
1215 4803 1288 4851 sunt
1320 4787 1521 4850 concorditer
1554 4787 1644 4867 scitu,

381 4894 468 4972 quod
501 4895 561 4976 ipsi
595 4917 719 4979 semper
750 4898 841 4980 piper
870 4911 900 4960 et
925 4917 1053 4958 crocum
1078 4911 1108 4958 et
1131 4897 1193 4958 alia
1217 4895 1394 4957 necessaria
1418 4907 1483 4955 tam
1505 4893 1644 4955 serotino

382 5012 412 5059 et
442 5015 599 5064 nocturno
635 5017 790 5085 tempore,
825 5024 922 5086 quam
954 5004 1058 5088 'eciam
1094 5004 1164 5064 aliis
1199 5003 1399 5084 temporibus
1433 5001 1466 5061 in
1502 4999 1643 5082 capitulo
