3808 5792
613 516 684 575 Dec.
709 529 777 591 139.
800 548 842 558 -
866 516 924 576 An.
948 525 1035 590 1517.
1397 533 1455 596 177

189 740 274 818 lutis,
299 741 498 822 liberamque
523 742 644 822 absque
669 741 756 804 omni
783 760 880 802 censu
904 753 1013 802 nostro
1032 741 1207 816 communi,
1225 740 1264 801 de
1288 760 1352 821 qua
1368 743 1456 824 prius

191 848 422 928 proveniebant
466 847 602 928 singulis
637 847 730 908 annis
764 865 833 910 sese
871 847 1079 929 sequentibus
1115 847 1154 908 ad
1191 849 1455 910 communitatem

191 968 332 1016 nostram
355 953 451 1015 solidi
475 953 629 1016 tredecim
653 966 685 1016 et
708 953 1007 1032 unuswiennensis,
1032 953 1189 1032 dedimus,
1207 951 1411 1015 vendidimus
1428 967 1458 1015 et

191 1059 411 1141 inscripsimus
435 1058 503 1140 jure
527 1073 682 1142 perpetuo
706 1073 737 1121 et
762 1059 1013 1122 irrevocabiliter
1029 1058 1213 1138 tenendam,
1229 1059 1457 1141 possidendam

191 1166 308 1248 pariter
333 1179 364 1227 et
387 1163 569 1227 habendam
603 1185 639 1226 ac
672 1163 758 1246 juxta
794 1165 1018 1227 condicionem
1051 1165 1188 1226 civitatis
1219 1177 1383 1246 prenotate
1419 1167 1458 1226 ab

190 1271 325 1352 antiquo
350 1271 592 1353 privilegialiter
615 1273 825 1354 approbatam
850 1272 1158 1354 quomodocumque
1187 1271 1326 1333 voluerit
1351 1271 1458 1353 dispo-

191 1376 342 1438 nendam.
367 1378 401 1438 ln
426 1379 516 1439 cuius
539 1378 584 1440 rei
610 1379 811 1456 memoriam,
844 1378 1064 1440 testimonium
1107 1376 1355 1460 firmitatemque
1389 1397 1459 1460 per-

192 1496 320 1564 petuam
346 1484 546 1565 presentibus
569 1484 712 1566 sigillum
736 1496 880 1546 nostrum
905 1503 1076 1546 commune
1102 1483 1251 1546 duximus
1275 1484 1458 1566 appenden-

192 1589 280 1650 dum.
306 1589 425 1651 Datum
451 1591 561 1652 sabato
586 1591 734 1672 proximo
758 1603 831 1652 ante
856 1589 972 1652 festum
996 1589 1233 1672 purificationis
1250 1591 1340 1652 beate
1360 1590 1459 1652 blarie

191 1695 334 1776 virginis
359 1700 456 1757 Anno
480 1695 604 1757 domini
629 1695 803 1758 millesimo
829 1697 1088 1778 quingentesimo
1114 1696 1241 1758 decimo
1265 1696 1412 1778 septimo.

299 1835 437 1902 originale
456 1837 491 1888 im
511 1839 670 1893 membrana.
686 1835 807 1903 Sigillum
821 1839 948 1890 avulsum.
968 1837 995 1890 ln
1014 1837 1084 1890 arch.
1104 1837 1230 1902 regnicol.
1245 1837 1357 1904 Zagrab.

787 2107 872 2174 lsa.

297 2283 373 2334 Anno
395 2282 470 2337 1517.
492 2255 532 2334 ti.
555 2283 650 2336 martii.
675 2283 775 2337 Budae.

197 2429 332 2504 Thomas,
358 2429 438 2488 card.
462 2437 491 2487 et
511 2427 742 2504 archiepiscopus
764 2427 977 2503 Striganiensr's,
1004 2430 1103 2486 lectari
1122 2430 1245 2501 capeiuli
1263 2428 1460 2503 sagrabicnsis

185 2535 338 2610 pracepit,
363 2543 398 2592 ut
418 2535 461 2592 ad
472 2536 565 2610 finem
582 2535 728 2608 perducat
748 2553 874 2611 causam,
898 2553 986 2609 quam
1004 2535 1216 2609 praebendarii
1242 2552 1304 2594 cum
1332 2542 1457 2608 praepa·
1509 2563 1510 2566 ¹

644 2643 699 2700 sita
722 2660 745 2701 s.
771 2642 892 2700 Mariae
914 2649 1015 2715 agunt.

298 2797 501 2860 Venerabilis
524 2797 618 2859 nobis
641 2797 764 2859 sincere
788 2797 914 2860 dilecte.
942 2797 1145 2877 Audivimus,
1169 2797 1257 2879 quod
1290 2797 1372 2859 inter
1404 2797 1462 2860 do-

194 2905 318 2965 minum
354 2903 555 2964 Demetrium
586 2903 784 2985 prepositum
815 2917 846 2964 et
877 2903 1106 2985 prebendarios
1136 2903 1270 2985 aliquod
1294 2901 1462 2965 dissidium

194 3011 233 3071 sit
268 3023 414 3071 exortum
448 3023 592 3091 pretextu
624 3009 789 3071 cuiusdam
835 3009 942 3072 balnei
976 3024 1007 3072 et
1034 3023 1202 3092 propterea
1237 3010 1356 3072 vellent
1393 3009 1464 3070 lites

194 3135 336 3194 movere,
360 3129 456 3198 prout
477 3135 562 3177 nunc
586 3135 624 3176 ex
648 3115 735 3177 curia
760 3129 867 3178 nostra
890 3135 949 3198 pro
974 3129 1061 3198 parte
1086 3115 1230 3178 eiusdem
1250 3115 1374 3177 domini
1393 3134 1464 3197 pre·

195 3222 290 3303 positi
315 3235 425 3283 contra
449 3221 580 3282 eosdem
604 3221 834 3303 prebendarios
868 3222 959 3283 litere
995 3222 1138 3284 citatorie
1170 3223 1372 3304 petebantur,
1405 3241 1465 3283 nos

195 3341 302 3390 tamen
338 3329 484 3391 nondum
517 3328 646 3389 easdem
679 3329 906 3406 concessimus,
939 3326 1001 3390 sed'
1027 3329 1178 3391 duximus
1210 3329 1321 3410 pocius
1364 3327 1463 3409 quieti

196 3435 340 3515 parcium
362 3435 608 3513 consulendum,
629 3449 664 3496 ut
688 3435 859 3516 negocium
884 3435 945 3496 1101
969 3435 1038 3496 11111
1073 3435 1228 3516 Zagrabie
1254 3447 1285 3496 et
1316 3453 1384 3496 non
1407 3433 1458 3495 hic

197 3541 393 3602 revideretur
417 3553 448 3602 et
472 3541 736 3604 determinaretur
760 3541 841 3602 inter
863 3541 991 3603 easdem
1009 3554 1123 3623 partes,
1142 3561 1182 3602 ne
1193 3541 1225 3602 in
1247 3553 1333 3602 tanta
1347 3541 1466 3601 distan-

197 3647 243 3708 cia
268 3647 456 3709 intermissis
479 3647 568 3709 domi
592 3647 710 3708 divinis
733 3645 857 3724 officiis,
894 3647 1020 3709 labores
1044 3661 1074 3709 et
1106 3667 1259 3730 expensas
1289 3645 1465 3728 superfluas

199 3751 299 3814 lacere
324 3767 523 3834 cogerentur.
557 3753 694 3815 Proinde
727 3753 879 3814 volumus
914 3767 945 3815 et
978 3754 1209 3815 committimus
1230 3753 1340 3831 Vobis,
1377 3751 1466 3834 quod

198 3858 355 3940 adjunctis
379 3861 471 3921 vobis
495 3859 630 3922 domino
660 3859 818 3942 Gregorio
843 3859 1081 3940 archidiacono,
1112 3861 1351 3922 locumtenente
1383 3859 1467 3919 vica·

198 3965 305 4044 riatus,
329 3965 481 4047 magistro
505 3964 648 4048 Georgio
673 3966 712 4027 de
737 3967 881 4048 Razinya
904 3967 1060 4028 canonico
1084 3966 1282 4048 zagrabiensi
1308 3979 1338 4027 et
1362 3965 1466 4026 adhuc

199 4091 262 4133 uno
286 4071 352 4133 alio
378 4071 531 4153 quodam,
556 4085 660 4154 partes
684 4071 842 4154 predictas
866 4073 960 4133 vestri
986 4072 1018 4134 in
1050 4073 1249 4154 presenciam
1282 4071 1466 4133 convocetis

199 4192 228 4239 et
250 4179 370 4240 auditis
394 4197 505 4240 eorum
539 4178 820 4260 proposicionibus
852 4193 882 4240 et
916 4179 1076 4261 responsis
1107 4198 1203 4239 omne
1236 4177 1403 4239 dissidium
1437 4189 1468 4238 et

199 4303 329 4346 omnem
354 4298 484 4346 eatenus
508 4284 703 4346 discordiam
728 4298 823 4366 prout
848 4285 959 4346 iustius
984 4297 1014 4345 et
1037 4284 1215 4346 secundum
1240 4284 1337 4346 deum
1362 4283 1467 4344 visum

199 4388 293 4453 luerit
316 4389 478 4472 expedire,
502 4391 613 4451 sedare
637 4403 668 4452 et
692 4389 897 4472 complanare
921 4404 952 4452 et
974 4405 1079 4473 partes
1104 4391 1309 4469 concordare,
1327 4403 1358 4452 et
1382 4390 1465 4470 quit-

199 4497 275 4578 quid
300 4497 383 4558 inter
407 4517 460 4557 eas
483 4495 706 4558 ordinaveritis
730 4496 833 4556 eciam
856 4497 1044 4558 auctoritate
1069 4511 1178 4559 nostra
1202 4496 1378 4579 apostolica
1412 4497 1469 4556 ob-

198 4603 314 4664 servari
349 4601 453 4665 lacere
488 4602 631 4664 debeatis
664 4615 695 4663 et
730 4602 916 4663 teneamini.
953 4603 999 4663 Ex
1025 4603 1116 4666 Buda
1151 4605 1284 4665 sabbato
1318 4602 1369 4664 die
1394 4620 1469 4684 pro-

199 4709 282 4770 xima
306 4722 379 4770 ante
404 4707 600 4769 dominicam
624 4707 730 4769 Oculi.
750 4711 845 4768 Anno
869 4707 994 4769 domini
1014 4708 1187 4771 millesimo
1208 4707 1468 4792 quingentesimo

200 4813 325 4876 decimo
349 4815 497 4895 septimo.
