<?xml version="1.0" encoding="UTF-8"?>
<!DOCTYPE html PUBLIC "-//W3C//DTD XHTML 1.0 Transitional//EN"
    "http://www.w3.org/TR/xhtml1/DTD/xhtml1-transitional.dtd">
<html xmlns="http://www.w3.org/1999/xhtml" xml:lang="en" lang="en">
 <head>
  <title>
</title>
<meta http-equiv="Content-Type" content="text/html;charset=utf-8" />
  <meta name='ocr-system' content='tesseract 3.04.00' />
  <meta name='ocr-capabilities' content='ocr_page ocr_carea ocr_par ocr_line ocrx_word'/>
</head>
<body>
  <div class='ocr_page' id='page_1' title='image "./monumentahistor16laszgoog_0217.png"; bbox 0 0 3732 5802; ppageno 0'>
   <div class='ocr_carea' id='block_1_1' title="bbox 136 553 1482 4466">
    <p class='ocr_par' dir='ltr' id='par_1_1' title="bbox 136 553 1482 4466">
     <span class='ocr_line' id='line_1_1' title="bbox 607 553 1427 629; baseline 0.006 -19"><span class='ocrx_word' id='word_1_1' title='bbox 607 553 678 614; x_wconf 87' lang='lat' dir='ltr'>Doc.</span> <span class='ocrx_word' id='word_1_2' title='bbox 702 562 748 629; x_wconf 82' lang='lat'>75.</span> <span class='ocrx_word' id='word_1_3' title='bbox 771 585 814 596; x_wconf 89' lang='lat'>-</span> <span class='ocrx_word' id='word_1_4' title='bbox 836 553 893 612; x_wconf 85' lang='lat' dir='ltr'>An.</span> <span class='ocrx_word' id='word_1_5' title='bbox 918 563 1006 628; x_wconf 84' lang='lat'><em>1510.</em></span> <span class='ocrx_word' id='word_1_6' title='bbox 1392 553 1427 615; x_wconf 83' lang='lat'>81</span> 
     </span>
     <span class='ocr_line' id='line_1_2' title="bbox 166 777 1433 861; baseline 0.005 -23"><span class='ocrx_word' id='word_1_7' title='bbox 166 777 336 840; x_wconf 90' lang='lat' dir='ltr'>ecclesiam</span> <span class='ocrx_word' id='word_1_8' title='bbox 361 778 437 840; x_wconf 91' lang='lat' dir='ltr'>dicti</span> <span class='ocrx_word' id='word_1_9' title='bbox 461 777 646 840; x_wconf 83' lang='lat' dir='ltr'>monasterii</span> <span class='ocrx_word' id='word_1_10' title='bbox 668 777 890 857; x_wconf 82' lang='lat' dir='ltr'>transferendi,</span> <span class='ocrx_word' id='word_1_11' title='bbox 907 779 1071 861; x_wconf 88' lang='lat' dir='ltr'>ipsiusque</span> <span class='ocrx_word' id='word_1_12' title='bbox 1088 779 1282 861; x_wconf 89' lang='lat' dir='ltr'>parochialis</span> <span class='ocrx_word' id='word_1_13' title='bbox 1302 783 1433 844; x_wconf 82' lang='lat' dir='ltr'>ecclesie</span> 
     </span>
     <span class='ocr_line' id='line_1_3' title="bbox 164 883 1434 970; baseline 0.005 -26"><span class='ocrx_word' id='word_1_14' title='bbox 164 883 207 944; x_wconf 90' lang='lat' dir='ltr'>sic</span> <span class='ocrx_word' id='word_1_15' title='bbox 237 898 316 946; x_wconf 92' lang='lat' dir='ltr'>tunc</span> <span class='ocrx_word' id='word_1_16' title='bbox 342 885 503 963; x_wconf 84' lang='lat' dir='ltr'>translate,</span> <span class='ocrx_word' id='word_1_17' title='bbox 525 885 649 948; x_wconf 87' lang='lat' dir='ltr'>edificia</span> <span class='ocrx_word' id='word_1_18' title='bbox 673 885 822 948; x_wconf 90' lang='lat' dir='ltr'>demoliri</span> <span class='ocrx_word' id='word_1_19' title='bbox 847 884 996 964; x_wconf 88' lang='lat' dir='ltr'>faciendi,</span> <span class='ocrx_word' id='word_1_20' title='bbox 1018 907 1119 968; x_wconf 90' lang='lat' dir='ltr'>eaque</span> <span class='ocrx_word' id='word_1_21' title='bbox 1143 900 1174 950; x_wconf 92' lang='lat' dir='ltr'>et</span> <span class='ocrx_word' id='word_1_22' title='bbox 1197 888 1304 950; x_wconf 92' lang='lat' dir='ltr'>locum</span> <span class='ocrx_word' id='word_1_23' title='bbox 1329 889 1434 970; x_wconf 93' lang='lat' dir='ltr'>ipsum</span> 
     </span>
     <span class='ocr_line' id='line_1_4' title="bbox 165 989 1434 1074; baseline 0.005 -24"><span class='ocrx_word' id='word_1_24' title='bbox 165 990 194 1050; x_wconf 92' lang='lat' dir='ltr'>in</span> <span class='ocrx_word' id='word_1_25' title='bbox 228 1009 325 1052; x_wconf 90' lang='lat' dir='ltr'>usum</span> <span class='ocrx_word' id='word_1_26' title='bbox 356 1004 387 1052; x_wconf 89' lang='lat' dir='ltr'>et</span> <span class='ocrx_word' id='word_1_27' title='bbox 411 989 562 1053; x_wconf 86' lang='lat' dir='ltr'>fabricam</span> <span class='ocrx_word' id='word_1_28' title='bbox 588 991 747 1054; x_wconf 90' lang='lat' dir='ltr'>dictorum</span> <span class='ocrx_word' id='word_1_29' title='bbox 774 991 1091 1074; x_wconf 82' lang='lat' dir='ltr'>propugnaculorum</span> <span class='ocrx_word' id='word_1_30' title='bbox 1115 992 1281 1074; x_wconf 91' lang='lat' dir='ltr'>redigendi</span> <span class='ocrx_word' id='word_1_31' title='bbox 1305 1007 1336 1055; x_wconf 89' lang='lat' dir='ltr'>et</span> <span class='ocrx_word' id='word_1_32' title='bbox 1359 1013 1434 1057; x_wconf 89' lang='lat' dir='ltr'>con·</span> 
     </span>
     <span class='ocr_line' id='line_1_5' title="bbox 163 1097 1432 1180; baseline 0.003 -23"><span class='ocrx_word' id='word_1_33' title='bbox 163 1097 322 1176; x_wconf 85' lang='lat' dir='ltr'>vertendi,</span> <span class='ocrx_word' id='word_1_34' title='bbox 346 1117 405 1158; x_wconf 92' lang='lat' dir='ltr'>nec</span> <span class='ocrx_word' id='word_1_35' title='bbox 437 1117 503 1158; x_wconf 91' lang='lat' dir='ltr'>non</span> <span class='ocrx_word' id='word_1_36' title='bbox 534 1097 622 1178; x_wconf 92' lang='lat' dir='ltr'>quod</span> <span class='ocrx_word' id='word_1_37' title='bbox 650 1117 709 1180; x_wconf 92' lang='lat' dir='ltr'>pro</span> <span class='ocrx_word' id='word_1_38' title='bbox 740 1110 885 1180; x_wconf 89' lang='lat' dir='ltr'>ternpore</span> <span class='ocrx_word' id='word_1_39' title='bbox 918 1098 1056 1160; x_wconf 86' lang='lat' dir='ltr'>existens</span> <span class='ocrx_word' id='word_1_40' title='bbox 1086 1111 1189 1160; x_wconf 90' lang='lat' dir='ltr'>rector</span> <span class='ocrx_word' id='word_1_41' title='bbox 1220 1098 1303 1160; x_wconf 90' lang='lat' dir='ltr'>dicte</span> <span class='ocrx_word' id='word_1_42' title='bbox 1332 1111 1432 1161; x_wconf 90' lang='lat' dir='ltr'>trans·</span> 
     </span>
     <span class='ocr_line' id='line_1_6' title="bbox 164 1199 1435 1287; baseline 0.003 -24"><span class='ocrx_word' id='word_1_43' title='bbox 164 1199 298 1264; x_wconf 88' lang='lat' dir='ltr'>lerende</span> <span class='ocrx_word' id='word_1_44' title='bbox 323 1201 468 1280; x_wconf 85' lang='lat' dir='ltr'>ecclesie,</span> <span class='ocrx_word' id='word_1_45' title='bbox 484 1217 654 1285; x_wconf 89' lang='lat' dir='ltr'>postquam</span> <span class='ocrx_word' id='word_1_46' title='bbox 671 1204 822 1266; x_wconf 90' lang='lat' dir='ltr'>translata</span> <span class='ocrx_word' id='word_1_47' title='bbox 839 1201 944 1282; x_wconf 84' lang='lat' dir='ltr'>luerit,</span> <span class='ocrx_word' id='word_1_48' title='bbox 962 1217 1077 1265; x_wconf 85' lang='lat' dir='ltr'>extunc</span> <span class='ocrx_word' id='word_1_49' title='bbox 1094 1203 1133 1266; x_wconf 91' lang='lat' dir='ltr'>de</span> <span class='ocrx_word' id='word_1_50' title='bbox 1151 1217 1255 1266; x_wconf 91' lang='lat' dir='ltr'>cetero</span> <span class='ocrx_word' id='word_1_51' title='bbox 1272 1205 1435 1287; x_wconf 89' lang='lat' dir='ltr'>perpetuis</span> 
     </span>
     <span class='ocr_line' id='line_1_7' title="bbox 136 1297 1434 1392; baseline 0.003 -24"><span class='ocrx_word' id='word_1_52' title='bbox 136 1297 137 1302; x_wconf 30' lang='lat'>¹</span> <span class='ocrx_word' id='word_1_53' title='bbox 164 1305 282 1370; x_wconf 79' lang='lat' dir='ltr'>futuris</span> <span class='ocrx_word' id='word_1_54' title='bbox 304 1309 506 1391; x_wconf 84' lang='lat' dir='ltr'>temporibus</span> <span class='ocrx_word' id='word_1_55' title='bbox 529 1309 709 1392; x_wconf 87' lang='lat' dir='ltr'>prepositus</span> <span class='ocrx_word' id='word_1_56' title='bbox 733 1323 936 1391; x_wconf 89' lang='lat' dir='ltr'>nuncupetur</span> <span class='ocrx_word' id='word_1_57' title='bbox 960 1323 990 1372; x_wconf 92' lang='lat' dir='ltr'>et</span> <span class='ocrx_word' id='word_1_58' title='bbox 1014 1308 1054 1370; x_wconf 90' lang='lat' dir='ltr'>ad</span> <span class='ocrx_word' id='word_1_59' title='bbox 1075 1308 1235 1390; x_wconf 85' lang='lat' dir='ltr'>effectum,</span> <span class='ocrx_word' id='word_1_60' title='bbox 1251 1323 1286 1372; x_wconf 89' lang='lat' dir='ltr'>ut</span> <span class='ocrx_word' id='word_1_61' title='bbox 1310 1311 1338 1372; x_wconf 93' lang='lat' dir='ltr'>ei</span> <span class='ocrx_word' id='word_1_62' title='bbox 1355 1323 1434 1374; x_wconf 87' lang='lat' dir='ltr'>tam·</span> 
     </span>
     <span class='ocr_line' id='line_1_8' title="bbox 163 1415 1435 1498; baseline 0.002 -23"><span class='ocrx_word' id='word_1_63' title='bbox 163 1433 264 1495; x_wconf 92' lang='lat' dir='ltr'>quam</span> <span class='ocrx_word' id='word_1_64' title='bbox 302 1433 438 1498; x_wconf 90' lang='lat' dir='ltr'>persone</span> <span class='ocrx_word' id='word_1_65' title='bbox 477 1416 510 1477; x_wconf 92' lang='lat' dir='ltr'>in</span> <span class='ocrx_word' id='word_1_66' title='bbox 550 1415 704 1498; x_wconf 81' lang='lat' dir='ltr'>dignitate</span> <span class='ocrx_word' id='word_1_67' title='bbox 744 1415 956 1478; x_wconf 87' lang='lat' dir='ltr'>ecclesiastica</span> <span class='ocrx_word' id='word_1_68' title='bbox 995 1417 1165 1478; x_wconf 91' lang='lat' dir='ltr'>constitute</span> <span class='ocrx_word' id='word_1_69' title='bbox 1205 1435 1299 1478; x_wconf 89' lang='lat' dir='ltr'>cause</span> <span class='ocrx_word' id='word_1_70' title='bbox 1333 1417 1435 1479; x_wconf 88' lang='lat' dir='ltr'>eciam</span> 
     </span>
     <span class='ocr_line' id='line_1_9' title="bbox 162 1521 1435 1604; baseline 0.002 -22"><span class='ocrx_word' id='word_1_71' title='bbox 162 1539 379 1602; x_wconf 89' lang='lat' dir='ltr'>personarum</span> <span class='ocrx_word' id='word_1_72' title='bbox 412 1521 495 1583; x_wconf 89' lang='lat' dir='ltr'>dicte</span> <span class='ocrx_word' id='word_1_73' title='bbox 530 1521 664 1584; x_wconf 85' lang='lat' dir='ltr'>ecclesie</span> <span class='ocrx_word' id='word_1_74' title='bbox 696 1523 912 1603; x_wconf 87' lang='lat' dir='ltr'>zagrabiensis</span> <span class='ocrx_word' id='word_1_75' title='bbox 944 1542 961 1584; x_wconf 89' lang='lat' dir='ltr'>a</span> <span class='ocrx_word' id='word_1_76' title='bbox 993 1522 1068 1584; x_wconf 90' lang='lat' dir='ltr'>sede</span> <span class='ocrx_word' id='word_1_77' title='bbox 1103 1521 1245 1604; x_wconf 89' lang='lat' dir='ltr'>predicta</span> <span class='ocrx_word' id='word_1_78' title='bbox 1278 1523 1435 1585; x_wconf 85' lang='lat' dir='ltr'>committi</span> 
     </span>
     <span class='ocr_line' id='line_1_10' title="bbox 162 1625 1436 1710; baseline 0.001 -21"><span class='ocrx_word' id='word_1_79' title='bbox 162 1627 301 1708; x_wconf 85' lang='lat' dir='ltr'>possint,</span> <span class='ocrx_word' id='word_1_80' title='bbox 339 1627 371 1688; x_wconf 89' lang='lat' dir='ltr'>iu</span> <span class='ocrx_word' id='word_1_81' title='bbox 411 1627 566 1709; x_wconf 82' lang='lat' dir='ltr'>dignitate</span> <span class='ocrx_word' id='word_1_82' title='bbox 604 1625 791 1690; x_wconf 89' lang='lat' dir='ltr'>huiusmodi</span> <span class='ocrx_word' id='word_1_83' title='bbox 830 1629 1019 1690; x_wconf 91' lang='lat' dir='ltr'>constiturus</span> <span class='ocrx_word' id='word_1_84' title='bbox 1055 1642 1238 1706; x_wconf 91' lang='lat' dir='ltr'>censeatur;</span> <span class='ocrx_word' id='word_1_85' title='bbox 1280 1628 1436 1710; x_wconf 94' lang='lat' dir='ltr'>quodque</span> 
     </span>
     <span class='ocr_line' id='line_1_11' title="bbox 162 1733 1437 1817; baseline 0.002 -23"><span class='ocrx_word' id='word_1_86' title='bbox 162 1733 287 1815; x_wconf 87' lang='lat' dir='ltr'>aliquis</span> <span class='ocrx_word' id='word_1_87' title='bbox 306 1753 345 1795; x_wconf 92' lang='lat' dir='ltr'>ex</span> <span class='ocrx_word' id='word_1_88' title='bbox 361 1734 559 1816; x_wconf 87' lang='lat' dir='ltr'>zagrabiensi</span> <span class='ocrx_word' id='word_1_89' title='bbox 577 1747 608 1796; x_wconf 89' lang='lat' dir='ltr'>et</span> <span class='ocrx_word' id='word_1_90' title='bbox 624 1733 800 1796; x_wconf 90' lang='lat' dir='ltr'>chasmensi</span> <span class='ocrx_word' id='word_1_91' title='bbox 820 1735 1027 1796; x_wconf 89' lang='lat' dir='ltr'>ecclesiarum</span> <span class='ocrx_word' id='word_1_92' title='bbox 1043 1735 1258 1817; x_wconf 90' lang='lat' dir='ltr'>predictarum</span> <span class='ocrx_word' id='word_1_93' title='bbox 1275 1735 1437 1798; x_wconf 88' lang='lat' dir='ltr'>canonicis</span> 
     </span>
     <span class='ocr_line' id='line_1_12' title="bbox 163 1838 1436 1922; baseline 0.003 -23"><span class='ocrx_word' id='word_1_94' title='bbox 163 1838 387 1920; x_wconf 76' lang='lat' dir='ltr'>parochialem</span> <span class='ocrx_word' id='word_1_95' title='bbox 412 1839 579 1902; x_wconf 88' lang='lat' dir='ltr'>ecclesiam</span> <span class='ocrx_word' id='word_1_96' title='bbox 603 1839 779 1922; x_wconf 85' lang='lat' dir='ltr'>predictam</span> <span class='ocrx_word' id='word_1_97' title='bbox 801 1853 831 1902; x_wconf 90' lang='lat' dir='ltr'>et</span> <span class='ocrx_word' id='word_1_98' title='bbox 852 1841 952 1922; x_wconf 88' lang='lat' dir='ltr'>ipsius</span> <span class='ocrx_word' id='word_1_99' title='bbox 967 1839 1159 1922; x_wconf 88' lang='lat' dir='ltr'>parochialis</span> <span class='ocrx_word' id='word_1_100' title='bbox 1176 1841 1308 1903; x_wconf 86' lang='lat' dir='ltr'>ecclesie</span> <span class='ocrx_word' id='word_1_101' title='bbox 1323 1853 1436 1921; x_wconf 90' lang='lat' dir='ltr'>rector,</span> 
     </span>
     <span class='ocr_line' id='line_1_13' title="bbox 163 1943 1436 2028; baseline 0.002 -22"><span class='ocrx_word' id='word_1_102' title='bbox 163 1944 219 2026; x_wconf 92' lang='lat' dir='ltr'>qui</span> <span class='ocrx_word' id='word_1_103' title='bbox 252 1964 314 2028; x_wconf 93' lang='lat' dir='ltr'>pro</span> <span class='ocrx_word' id='word_1_104' title='bbox 345 1957 490 2027; x_wconf 89' lang='lat' dir='ltr'>ternpore</span> <span class='ocrx_word' id='word_1_105' title='bbox 524 1943 630 2024; x_wconf 84' lang='lat' dir='ltr'>fuerit,</span> <span class='ocrx_word' id='word_1_106' title='bbox 661 1945 885 2008; x_wconf 88' lang='lat' dir='ltr'>canonicatum</span> <span class='ocrx_word' id='word_1_107' title='bbox 917 1959 948 2008; x_wconf 91' lang='lat' dir='ltr'>et</span> <span class='ocrx_word' id='word_1_108' title='bbox 978 1945 1175 2028; x_wconf 85' lang='lat' dir='ltr'>prebendam</span> <span class='ocrx_word' id='word_1_109' title='bbox 1209 1945 1242 2008; x_wconf 92' lang='lat' dir='ltr'>in</span> <span class='ocrx_word' id='word_1_110' title='bbox 1266 1945 1375 2028; x_wconf 90' lang='lat' dir='ltr'>aliqua</span> <span class='ocrx_word' id='word_1_111' title='bbox 1399 1967 1436 2009; x_wconf 90' lang='lat' dir='ltr'>ex</span> 
     </span>
     <span class='ocr_line' id='line_1_14' title="bbox 163 2048 1437 2135; baseline 0.004 -25"><span class='ocrx_word' id='word_1_112' title='bbox 163 2049 260 2112; x_wconf 90' lang='lat' dir='ltr'>dictis</span> <span class='ocrx_word' id='word_1_113' title='bbox 295 2050 493 2132; x_wconf 89' lang='lat' dir='ltr'>zagrabiensi</span> <span class='ocrx_word' id='word_1_114' title='bbox 527 2063 558 2112; x_wconf 91' lang='lat' dir='ltr'>et</span> <span class='ocrx_word' id='word_1_115' title='bbox 593 2048 769 2114; x_wconf 88' lang='lat' dir='ltr'>chasmensi</span> <span class='ocrx_word' id='word_1_116' title='bbox 807 2051 948 2113; x_wconf 90' lang='lat' dir='ltr'>ecclesiis</span> <span class='ocrx_word' id='word_1_117' title='bbox 983 2051 1129 2114; x_wconf 89' lang='lat' dir='ltr'>obtinere</span> <span class='ocrx_word' id='word_1_118' title='bbox 1163 2071 1230 2114; x_wconf 91' lang='lat' dir='ltr'>non</span> <span class='ocrx_word' id='word_1_119' title='bbox 1260 2053 1372 2135; x_wconf 89' lang='lat' dir='ltr'>possit,</span> <span class='ocrx_word' id='word_1_120' title='bbox 1406 2067 1437 2115; x_wconf 88' lang='lat' dir='ltr'>et</span> 
     </span>
     <span class='ocr_line' id='line_1_15' title="bbox 164 2155 1437 2240; baseline 0.004 -24"><span class='ocrx_word' id='word_1_121' title='bbox 164 2155 306 2219; x_wconf 92' lang='lat' dir='ltr'>collacio</span> <span class='ocrx_word' id='word_1_122' title='bbox 331 2169 361 2218; x_wconf 91' lang='lat' dir='ltr'>et</span> <span class='ocrx_word' id='word_1_123' title='bbox 384 2156 526 2239; x_wconf 92' lang='lat' dir='ltr'>provisio</span> <span class='ocrx_word' id='word_1_124' title='bbox 550 2156 589 2218; x_wconf 91' lang='lat' dir='ltr'>de</span> <span class='ocrx_word' id='word_1_125' title='bbox 611 2157 785 2239; x_wconf 88' lang='lat' dir='ltr'>parochiali</span> <span class='ocrx_word' id='word_1_126' title='bbox 803 2157 936 2220; x_wconf 92' lang='lat' dir='ltr'>ecclesia</span> <span class='ocrx_word' id='word_1_127' title='bbox 953 2169 1007 2218; x_wconf 93' lang='lat' dir='ltr'>aut</span> <span class='ocrx_word' id='word_1_128' title='bbox 1023 2157 1211 2219; x_wconf 90' lang='lat' dir='ltr'>canonicatu</span> <span class='ocrx_word' id='word_1_129' title='bbox 1229 2171 1260 2220; x_wconf 91' lang='lat' dir='ltr'>et</span> <span class='ocrx_word' id='word_1_130' title='bbox 1275 2159 1437 2240; x_wconf 88' lang='lat' dir='ltr'>prebenda</span> 
     </span>
     <span class='ocr_line' id='line_1_16' title="bbox 163 2261 1438 2348; baseline 0.003 -26"><span class='ocrx_word' id='word_1_131' title='bbox 163 2261 357 2324; x_wconf 90' lang='lat' dir='ltr'>huiusmodi</span> <span class='ocrx_word' id='word_1_132' title='bbox 381 2264 482 2326; x_wconf 89' lang='lat' dir='ltr'>eciam</span> <span class='ocrx_word' id='word_1_133' title='bbox 507 2283 563 2346; x_wconf 90' lang='lat' dir='ltr'>per</span> <span class='ocrx_word' id='word_1_134' title='bbox 586 2263 695 2326; x_wconf 89' lang='lat' dir='ltr'>sedem</span> <span class='ocrx_word' id='word_1_135' title='bbox 719 2263 929 2346; x_wconf 89' lang='lat' dir='ltr'>apostolicam</span> <span class='ocrx_word' id='word_1_136' title='bbox 959 2264 1060 2325; x_wconf 89' lang='lat' dir='ltr'>eciam</span> <span class='ocrx_word' id='word_1_137' title='bbox 1085 2277 1175 2326; x_wconf 90' lang='lat' dir='ltr'>motu</span> <span class='ocrx_word' id='word_1_138' title='bbox 1197 2266 1328 2348; x_wconf 91' lang='lat' dir='ltr'>proprio</span> <span class='ocrx_word' id='word_1_139' title='bbox 1345 2265 1438 2328; x_wconf 92' lang='lat' dir='ltr'>aliter</span> 
     </span>
     <span class='ocr_line' id='line_1_17' title="bbox 163 2367 1437 2452; baseline 0.004 -24"><span class='ocrx_word' id='word_1_140' title='bbox 163 2387 223 2449; x_wconf 92' lang='lat' dir='ltr'>pro</span> <span class='ocrx_word' id='word_1_141' title='bbox 255 2381 403 2452; x_wconf 92' lang='lat' dir='ltr'>tempore</span> <span class='ocrx_word' id='word_1_142' title='bbox 434 2367 515 2431; x_wconf 87' lang='lat' dir='ltr'>facte</span> <span class='ocrx_word' id='word_1_143' title='bbox 546 2369 667 2432; x_wconf 90' lang='lat' dir='ltr'>nullius</span> <span class='ocrx_word' id='word_1_144' title='bbox 697 2370 760 2431; x_wconf 91' lang='lat' dir='ltr'>sint</span> <span class='ocrx_word' id='word_1_145' title='bbox 792 2369 916 2432; x_wconf 90' lang='lat' dir='ltr'>roboris</span> <span class='ocrx_word' id='word_1_146' title='bbox 947 2369 998 2430; x_wconf 88' lang='lat' dir='ltr'>vel</span> <span class='ocrx_word' id='word_1_147' title='bbox 1023 2371 1178 2432; x_wconf 88' lang='lat' dir='ltr'>momenti</span> <span class='ocrx_word' id='word_1_148' title='bbox 1209 2383 1382 2434; x_wconf 84' lang='lat' dir='ltr'>statuentes</span> <span class='ocrx_word' id='word_1_149' title='bbox 1405 2383 1437 2433; x_wconf 94' lang='lat' dir='ltr'>et</span> 
     </span>
     <span class='ocr_line' id='line_1_18' title="bbox 164 2474 1437 2558; baseline 0.004 -24"><span class='ocrx_word' id='word_1_150' title='bbox 164 2474 367 2554; x_wconf 89' lang='lat' dir='ltr'>ordinantes,</span> <span class='ocrx_word' id='word_1_151' title='bbox 393 2475 682 2538; x_wconf 89' lang='lat' dir='ltr'>constitucionibus</span> <span class='ocrx_word' id='word_1_152' title='bbox 713 2487 744 2537; x_wconf 91' lang='lat' dir='ltr'>et</span> <span class='ocrx_word' id='word_1_153' title='bbox 774 2475 1037 2537; x_wconf 85' lang='lat' dir='ltr'>ordinacionibus</span> <span class='ocrx_word' id='word_1_154' title='bbox 1060 2475 1245 2558; x_wconf 89' lang='lat' dir='ltr'>apostolicis</span> <span class='ocrx_word' id='word_1_155' title='bbox 1267 2496 1303 2538; x_wconf 90' lang='lat' dir='ltr'>ac</span> <span class='ocrx_word' id='word_1_156' title='bbox 1327 2497 1437 2539; x_wconf 90' lang='lat' dir='ltr'>mona-</span> 
     </span>
     <span class='ocr_line' id='line_1_19' title="bbox 164 2565 1482 2664; baseline 0.003 -23"><span class='ocrx_word' id='word_1_157' title='bbox 164 2581 254 2642; x_wconf 86' lang='lat' dir='ltr'>sterii</span> <span class='ocrx_word' id='word_1_158' title='bbox 301 2581 427 2662; x_wconf 86' lang='lat' dir='ltr'>antiqui</span> <span class='ocrx_word' id='word_1_159' title='bbox 466 2593 497 2644; x_wconf 91' lang='lat' dir='ltr'>et</span> <span class='ocrx_word' id='word_1_160' title='bbox 535 2583 658 2644; x_wconf 89' lang='lat' dir='ltr'>ordinis</span> <span class='ocrx_word' id='word_1_161' title='bbox 695 2581 924 2664; x_wconf 88' lang='lat' dir='ltr'>predictorum,</span> <span class='ocrx_word' id='word_1_162' title='bbox 958 2581 1150 2663; x_wconf 85' lang='lat' dir='ltr'>juramento,</span> <span class='ocrx_word' id='word_1_163' title='bbox 1187 2581 1435 2646; x_wconf 88' lang='lat' dir='ltr'>confirmacione</span> <span class='ocrx_word' id='word_1_164' title='bbox 1480 2565 1482 2570; x_wconf 41' lang='grc'>’</span> 
     </span>
     <span class='ocr_line' id='line_1_20' title="bbox 164 2687 1438 2769; baseline 0.002 -21"><span class='ocrx_word' id='word_1_165' title='bbox 164 2687 348 2769; x_wconf 90' lang='lat' dir='ltr'>apostolica</span> <span class='ocrx_word' id='word_1_166' title='bbox 374 2687 425 2750; x_wconf 87' lang='lat' dir='ltr'>vel</span> <span class='ocrx_word' id='word_1_167' title='bbox 450 2689 563 2769; x_wconf 89' lang='lat' dir='ltr'>quavis</span> <span class='ocrx_word' id='word_1_168' title='bbox 587 2687 734 2750; x_wconf 88' lang='lat' dir='ltr'>firmitate</span> <span class='ocrx_word' id='word_1_169' title='bbox 758 2687 820 2750; x_wconf 89' lang='lat' dir='ltr'>alia</span> <span class='ocrx_word' id='word_1_170' title='bbox 845 2687 1011 2766; x_wconf 90' lang='lat' dir='ltr'>roboratis,</span> <span class='ocrx_word' id='word_1_171' title='bbox 1036 2688 1159 2749; x_wconf 90' lang='lat' dir='ltr'>statutis</span> <span class='ocrx_word' id='word_1_172' title='bbox 1182 2701 1212 2749; x_wconf 94' lang='lat' dir='ltr'>et</span> <span class='ocrx_word' id='word_1_173' title='bbox 1235 2689 1438 2750; x_wconf 77' lang='lat' dir='ltr'>consuetudi-</span> 
     </span>
     <span class='ocr_line' id='line_1_21' title="bbox 165 2793 1438 2875; baseline 0.002 -20"><span class='ocrx_word' id='word_1_174' title='bbox 165 2794 277 2872; x_wconf 92' lang='lat' dir='ltr'>nibus,</span> <span class='ocrx_word' id='word_1_175' title='bbox 301 2793 479 2875; x_wconf 87' lang='lat' dir='ltr'>privilegiis</span> <span class='ocrx_word' id='word_1_176' title='bbox 511 2813 642 2875; x_wconf 90' lang='lat' dir='ltr'>quoque</span> <span class='ocrx_word' id='word_1_177' title='bbox 674 2807 704 2856; x_wconf 91' lang='lat' dir='ltr'>et</span> <span class='ocrx_word' id='word_1_178' title='bbox 731 2793 865 2855; x_wconf 89' lang='lat' dir='ltr'>indultis</span> <span class='ocrx_word' id='word_1_179' title='bbox 887 2793 1072 2875; x_wconf 89' lang='lat' dir='ltr'>apostolicis</span> <span class='ocrx_word' id='word_1_180' title='bbox 1097 2793 1219 2856; x_wconf 91' lang='lat' dir='ltr'>eisdem</span> <span class='ocrx_word' id='word_1_181' title='bbox 1242 2796 1438 2858; x_wconf 88' lang='lat' dir='ltr'>monasterio</span> 
     </span>
     <span class='ocr_line' id='line_1_22' title="bbox 165 2899 1438 2982; baseline 0.002 -20"><span class='ocrx_word' id='word_1_182' title='bbox 165 2900 305 2980; x_wconf 86' lang='lat' dir='ltr'>antiquo</span> <span class='ocrx_word' id='word_1_183' title='bbox 330 2911 361 2961; x_wconf 91' lang='lat' dir='ltr'>et</span> <span class='ocrx_word' id='word_1_184' title='bbox 381 2899 487 2962; x_wconf 92' lang='lat' dir='ltr'>ordini</span> <span class='ocrx_word' id='word_1_185' title='bbox 504 2900 605 2962; x_wconf 90' lang='lat' dir='ltr'>eciam</span> <span class='ocrx_word' id='word_1_186' title='bbox 622 2900 882 2962; x_wconf 85' lang='lat' dir='ltr'>consideracione</span> <span class='ocrx_word' id='word_1_187' title='bbox 899 2899 1110 2982; x_wconf 89' lang='lat' dir='ltr'>imperatoris,</span> <span class='ocrx_word' id='word_1_188' title='bbox 1126 2919 1238 2981; x_wconf 91' lang='lat' dir='ltr'>regum</span> <span class='ocrx_word' id='word_1_189' title='bbox 1255 2913 1286 2963; x_wconf 89' lang='lat' dir='ltr'>et</span> <span class='ocrx_word' id='word_1_190' title='bbox 1302 2901 1438 2964; x_wconf 91' lang='lat' dir='ltr'>aliorum</span> 
     </span>
     <span class='ocr_line' id='line_1_23' title="bbox 165 3005 1438 3088; baseline 0 -20"><span class='ocrx_word' id='word_1_191' title='bbox 165 3006 354 3088; x_wconf 91' lang='lat' dir='ltr'>principum</span> <span class='ocrx_word' id='word_1_192' title='bbox 385 3008 444 3068; x_wconf 93' lang='lat' dir='ltr'>sub</span> <span class='ocrx_word' id='word_1_193' title='bbox 476 3025 681 3088; x_wconf 89' lang='lat' dir='ltr'>quacumque</span> <span class='ocrx_word' id='word_1_194' title='bbox 705 3005 808 3068; x_wconf 84' lang='lat' dir='ltr'>forma</span> <span class='ocrx_word' id='word_1_195' title='bbox 832 3019 863 3068; x_wconf 91' lang='lat' dir='ltr'>et</span> <span class='ocrx_word' id='word_1_196' title='bbox 886 3005 1090 3088; x_wconf 88' lang='lat' dir='ltr'>expressione</span> <span class='ocrx_word' id='word_1_197' title='bbox 1114 3007 1287 3068; x_wconf 88' lang='lat' dir='ltr'>verborum</span> <span class='ocrx_word' id='word_1_198' title='bbox 1311 3020 1438 3068; x_wconf 89' lang='lat' dir='ltr'>etcum</span> 
     </span>
     <span class='ocr_line' id='line_1_24' title="bbox 166 3111 1438 3194; baseline 0 -20"><span class='ocrx_word' id='word_1_199' title='bbox 166 3112 339 3194; x_wconf 81' lang='lat' dir='ltr'>quibusvis</span> <span class='ocrx_word' id='word_1_200' title='bbox 374 3111 475 3174; x_wconf 87' lang='lat' dir='ltr'>eciam</span> <span class='ocrx_word' id='word_1_201' title='bbox 511 3112 785 3194; x_wconf 91' lang='lat' dir='ltr'>derogatoriarum</span> <span class='ocrx_word' id='word_1_202' title='bbox 823 3112 1034 3194; x_wconf 88' lang='lat' dir='ltr'>derogatoriis</span> <span class='ocrx_word' id='word_1_203' title='bbox 1069 3111 1204 3193; x_wconf 92' lang='lat' dir='ltr'>aliisque</span> <span class='ocrx_word' id='word_1_204' title='bbox 1237 3111 1438 3194; x_wconf 84' lang='lat' dir='ltr'>forcioribus,</span> 
     </span>
     <span class='ocr_line' id='line_1_25' title="bbox 166 3217 1440 3300; baseline 0.001 -21"><span class='ocrx_word' id='word_1_205' title='bbox 166 3217 405 3280; x_wconf 80' lang='lat' dir='ltr'>efficacioribus</span> <span class='ocrx_word' id='word_1_206' title='bbox 428 3231 459 3280; x_wconf 92' lang='lat' dir='ltr'>et</span> <span class='ocrx_word' id='word_1_207' title='bbox 483 3218 621 3280; x_wconf 90' lang='lat' dir='ltr'>insolitis</span> <span class='ocrx_word' id='word_1_208' title='bbox 647 3217 807 3298; x_wconf 90' lang='lat' dir='ltr'>clausulis,</span> <span class='ocrx_word' id='word_1_209' title='bbox 833 3218 1093 3300; x_wconf 90' lang='lat' dir='ltr'>irritantibusque</span> <span class='ocrx_word' id='word_1_210' title='bbox 1117 3217 1263 3297; x_wconf 91' lang='lat' dir='ltr'>decretis,</span> <span class='ocrx_word' id='word_1_211' title='bbox 1280 3221 1440 3282; x_wconf 87' lang='lat' dir='ltr'>concessis</span> 
     </span>
     <span class='ocr_line' id='line_1_26' title="bbox 166 3323 1440 3407; baseline -0.001 -19"><span class='ocrx_word' id='word_1_212' title='bbox 166 3338 198 3388; x_wconf 90' lang='lat' dir='ltr'>et</span> <span class='ocrx_word' id='word_1_213' title='bbox 231 3343 289 3406; x_wconf 93' lang='lat' dir='ltr'>per</span> <span class='ocrx_word' id='word_1_214' title='bbox 319 3343 379 3386; x_wconf 84' lang='lat' dir='ltr'>nos</span> <span class='ocrx_word' id='word_1_215' title='bbox 410 3337 441 3385; x_wconf 89' lang='lat' dir='ltr'>et</span> <span class='ocrx_word' id='word_1_216' title='bbox 472 3324 582 3386; x_wconf 89' lang='lat' dir='ltr'>sedem</span> <span class='ocrx_word' id='word_1_217' title='bbox 605 3323 781 3406; x_wconf 88' lang='lat' dir='ltr'>predictam</span> <span class='ocrx_word' id='word_1_218' title='bbox 806 3324 990 3406; x_wconf 91' lang='lat' dir='ltr'>approbatis</span> <span class='ocrx_word' id='word_1_219' title='bbox 1013 3337 1044 3385; x_wconf 91' lang='lat' dir='ltr'>et</span> <span class='ocrx_word' id='word_1_220' title='bbox 1069 3323 1239 3403; x_wconf 87' lang='lat' dir='ltr'>innovatis,</span> <span class='ocrx_word' id='word_1_221' title='bbox 1263 3326 1440 3407; x_wconf 87' lang='lat' dir='ltr'>ceterisque</span> 
     </span>
     <span class='ocr_line' id='line_1_27' title="bbox 167 3430 1439 3514; baseline 0.002 -23"><span class='ocrx_word' id='word_1_222' title='bbox 167 3430 340 3492; x_wconf 89' lang='lat' dir='ltr'>contrariis</span> <span class='ocrx_word' id='word_1_223' title='bbox 363 3449 569 3511; x_wconf 87' lang='lat' dir='ltr'>nequaquam</span> <span class='ocrx_word' id='word_1_224' title='bbox 602 3431 804 3492; x_wconf 89' lang='lat' dir='ltr'>obstantibus</span> <span class='ocrx_word' id='word_1_225' title='bbox 827 3430 1015 3492; x_wconf 89' lang='lat' dir='ltr'>auctoritate</span> <span class='ocrx_word' id='word_1_226' title='bbox 1036 3431 1212 3512; x_wconf 89' lang='lat' dir='ltr'>apostolica</span> <span class='ocrx_word' id='word_1_227' title='bbox 1235 3443 1346 3494; x_wconf 91' lang='lat' dir='ltr'>tenore</span> <span class='ocrx_word' id='word_1_228' title='bbox 1369 3451 1439 3514; x_wconf 92' lang='lat' dir='ltr'>pre·</span> 
     </span>
     <span class='ocr_line' id='line_1_28' title="bbox 166 3535 1441 3619; baseline 0 -21"><span class='ocrx_word' id='word_1_229' title='bbox 166 3536 317 3598; x_wconf 80' lang='lat' dir='ltr'>sensium</span> <span class='ocrx_word' id='word_1_230' title='bbox 341 3536 510 3598; x_wconf 89' lang='lat' dir='ltr'>licenciam</span> <span class='ocrx_word' id='word_1_231' title='bbox 534 3551 565 3598; x_wconf 89' lang='lat' dir='ltr'>et</span> <span class='ocrx_word' id='word_1_232' title='bbox 587 3535 771 3600; x_wconf 88' lang='lat' dir='ltr'>facultatem</span> <span class='ocrx_word' id='word_1_233' title='bbox 792 3536 1000 3598; x_wconf 90' lang='lat' dir='ltr'>concedimus</span> <span class='ocrx_word' id='word_1_234' title='bbox 1016 3557 1051 3598; x_wconf 92' lang='lat' dir='ltr'>ac</span> <span class='ocrx_word' id='word_1_235' title='bbox 1068 3536 1245 3619; x_wconf 90' lang='lat' dir='ltr'>privilegiis</span> <span class='ocrx_word' id='word_1_236' title='bbox 1261 3551 1292 3598; x_wconf 91' lang='lat' dir='ltr'>et</span> <span class='ocrx_word' id='word_1_237' title='bbox 1308 3537 1441 3600; x_wconf 91' lang='lat' dir='ltr'>indultis</span> 
     </span>
     <span class='ocr_line' id='line_1_29' title="bbox 166 3641 1440 3725; baseline 0.002 -23"><span class='ocrx_word' id='word_1_238' title='bbox 166 3641 324 3725; x_wconf 86' lang='lat' dir='ltr'>predictis</span> <span class='ocrx_word' id='word_1_239' title='bbox 347 3641 448 3704; x_wconf 90' lang='lat' dir='ltr'>eciam</span> <span class='ocrx_word' id='word_1_240' title='bbox 471 3643 497 3703; x_wconf 90' lang='lat' dir='ltr'>si</span> <span class='ocrx_word' id='word_1_241' title='bbox 520 3662 580 3724; x_wconf 95' lang='lat' dir='ltr'>pro</span> <span class='ocrx_word' id='word_1_242' title='bbox 605 3643 735 3704; x_wconf 91' lang='lat' dir='ltr'>illorum</span> <span class='ocrx_word' id='word_1_243' title='bbox 759 3641 929 3704; x_wconf 81' lang='lat' dir='ltr'>sufficienti</span> <span class='ocrx_word' id='word_1_244' title='bbox 947 3642 1160 3724; x_wconf 90' lang='lat' dir='ltr'>derogacione</span> <span class='ocrx_word' id='word_1_245' title='bbox 1178 3642 1217 3704; x_wconf 90' lang='lat' dir='ltr'>de</span> <span class='ocrx_word' id='word_1_246' title='bbox 1235 3642 1297 3704; x_wconf 90' lang='lat' dir='ltr'>illis</span> <span class='ocrx_word' id='word_1_247' title='bbox 1314 3663 1440 3705; x_wconf 91' lang='lat' dir='ltr'>eorum·</span> 
     </span>
     <span class='ocr_line' id='line_1_30' title="bbox 169 3747 1440 3831; baseline 0.002 -23"><span class='ocrx_word' id='word_1_248' title='bbox 169 3767 236 3829; x_wconf 91' lang='lat' dir='ltr'>que</span> <span class='ocrx_word' id='word_1_249' title='bbox 261 3747 337 3809; x_wconf 88' lang='lat' dir='ltr'>totis</span> <span class='ocrx_word' id='word_1_250' title='bbox 367 3748 533 3810; x_wconf 88' lang='lat' dir='ltr'>tenoribus</span> <span class='ocrx_word' id='word_1_251' title='bbox 555 3748 713 3831; x_wconf 90' lang='lat' dir='ltr'>specialis,</span> <span class='ocrx_word' id='word_1_252' title='bbox 736 3747 882 3830; x_wconf 87' lang='lat' dir='ltr'>specifica</span> <span class='ocrx_word' id='word_1_253' title='bbox 907 3761 937 3810; x_wconf 92' lang='lat' dir='ltr'>et</span> <span class='ocrx_word' id='word_1_254' title='bbox 961 3748 1127 3810; x_wconf 86' lang='lat' dir='ltr'>individua</span> <span class='ocrx_word' id='word_1_255' title='bbox 1152 3769 1187 3810; x_wconf 91' lang='lat' dir='ltr'>ac</span> <span class='ocrx_word' id='word_1_256' title='bbox 1213 3748 1252 3810; x_wconf 90' lang='lat' dir='ltr'>de</span> <span class='ocrx_word' id='word_1_257' title='bbox 1277 3750 1376 3812; x_wconf 91' lang='lat' dir='ltr'>verbo</span> <span class='ocrx_word' id='word_1_258' title='bbox 1400 3749 1440 3811; x_wconf 91' lang='lat' dir='ltr'>ad</span> 
     </span>
     <span class='ocr_line' id='line_1_31' title="bbox 170 3854 1440 3936; baseline 0.002 -22"><span class='ocrx_word' id='word_1_259' title='bbox 170 3855 311 3916; x_wconf 88' lang='lat' dir='ltr'>verbum</span> <span class='ocrx_word' id='word_1_260' title='bbox 344 3871 409 3914; x_wconf 91' lang='lat' dir='ltr'>non</span> <span class='ocrx_word' id='word_1_261' title='bbox 441 3867 548 3916; x_wconf 89' lang='lat' dir='ltr'>autem</span> <span class='ocrx_word' id='word_1_262' title='bbox 576 3874 632 3936; x_wconf 91' lang='lat' dir='ltr'>per</span> <span class='ocrx_word' id='word_1_263' title='bbox 654 3854 819 3936; x_wconf 81' lang='lat' dir='ltr'>generales</span> <span class='ocrx_word' id='word_1_264' title='bbox 843 3855 1002 3916; x_wconf 90' lang='lat' dir='ltr'>clausulas</span> <span class='ocrx_word' id='word_1_265' title='bbox 1026 3854 1057 3915; x_wconf 95' lang='lat' dir='ltr'>id</span> <span class='ocrx_word' id='word_1_266' title='bbox 1082 3855 1290 3936; x_wconf 91' lang='lat' dir='ltr'>importantes</span> <span class='ocrx_word' id='word_1_267' title='bbox 1314 3855 1440 3916; x_wconf 89' lang='lat' dir='ltr'>mencio</span> 
     </span>
     <span class='ocr_line' id='line_1_32' title="bbox 168 3958 1440 4042; baseline 0.001 -20"><span class='ocrx_word' id='word_1_268' title='bbox 168 3979 227 4022; x_wconf 92' lang='lat' dir='ltr'>seu</span> <span class='ocrx_word' id='word_1_269' title='bbox 263 3959 375 4040; x_wconf 89' lang='lat' dir='ltr'>quevis</span> <span class='ocrx_word' id='word_1_270' title='bbox 398 3959 460 4020; x_wconf 91' lang='lat' dir='ltr'>alia</span> <span class='ocrx_word' id='word_1_271' title='bbox 484 3959 644 4042; x_wconf 88' lang='lat' dir='ltr'>expressio</span> <span class='ocrx_word' id='word_1_272' title='bbox 669 3958 760 4022; x_wconf 84' lang='lat' dir='ltr'>foret.</span> <span class='ocrx_word' id='word_1_273' title='bbox 786 3960 931 4022; x_wconf 88' lang='lat' dir='ltr'>Tenores</span> <span class='ocrx_word' id='word_1_274' title='bbox 954 3959 1140 4022; x_wconf 89' lang='lat' dir='ltr'>huiusmodi</span> <span class='ocrx_word' id='word_1_275' title='bbox 1165 3961 1250 4021; x_wconf 91' lang='lat' dir='ltr'>acsi</span> <span class='ocrx_word' id='word_1_276' title='bbox 1276 3961 1316 4022; x_wconf 93' lang='lat' dir='ltr'>de</span> <span class='ocrx_word' id='word_1_277' title='bbox 1342 3962 1440 4023; x_wconf 90' lang='lat' dir='ltr'>verbo</span> 
     </span>
     <span class='ocr_line' id='line_1_33' title="bbox 168 4065 1441 4148; baseline 0.001 -21"><span class='ocrx_word' id='word_1_278' title='bbox 168 4066 211 4127; x_wconf 91' lang='lat' dir='ltr'>ad</span> <span class='ocrx_word' id='word_1_279' title='bbox 244 4067 379 4127; x_wconf 87' lang='lat' dir='ltr'>verbum</span> <span class='ocrx_word' id='word_1_280' title='bbox 408 4065 585 4127; x_wconf 90' lang='lat' dir='ltr'>inserentur</span> <span class='ocrx_word' id='word_1_281' title='bbox 609 4086 667 4148; x_wconf 93' lang='lat' dir='ltr'>pro</span> <span class='ocrx_word' id='word_1_282' title='bbox 691 4065 884 4128; x_wconf 81' lang='lat' dir='ltr'>sufficienter</span> <span class='ocrx_word' id='word_1_283' title='bbox 909 4066 1064 4147; x_wconf 89' lang='lat' dir='ltr'>expressis</span> <span class='ocrx_word' id='word_1_284' title='bbox 1087 4066 1250 4145; x_wconf 90' lang='lat' dir='ltr'>habentes,</span> <span class='ocrx_word' id='word_1_285' title='bbox 1275 4066 1338 4127; x_wconf 91' lang='lat' dir='ltr'>illis</span> <span class='ocrx_word' id='word_1_286' title='bbox 1363 4067 1441 4128; x_wconf 91' lang='lat' dir='ltr'>alias</span> 
     </span>
     <span class='ocr_line' id='line_1_34' title="bbox 169 4170 1441 4255; baseline 0.001 -22"><span class='ocrx_word' id='word_1_287' title='bbox 169 4173 204 4234; x_wconf 93' lang='lat' dir='ltr'>in</span> <span class='ocrx_word' id='word_1_288' title='bbox 226 4189 286 4232; x_wconf 90' lang='lat' dir='ltr'>suo</span> <span class='ocrx_word' id='word_1_289' title='bbox 312 4171 427 4232; x_wconf 93' lang='lat' dir='ltr'>robore</span> <span class='ocrx_word' id='word_1_290' title='bbox 450 4172 676 4253; x_wconf 90' lang='lat' dir='ltr'>permansuris,</span> <span class='ocrx_word' id='word_1_291' title='bbox 693 4171 752 4234; x_wconf 91' lang='lat' dir='ltr'>hac</span> <span class='ocrx_word' id='word_1_292' title='bbox 776 4171 844 4233; x_wconf 90' lang='lat' dir='ltr'>vice</span> <span class='ocrx_word' id='word_1_293' title='bbox 868 4170 1020 4232; x_wconf 91' lang='lat' dir='ltr'>duntaxat</span> <span class='ocrx_word' id='word_1_294' title='bbox 1043 4171 1222 4254; x_wconf 89' lang='lat' dir='ltr'>specialiter</span> <span class='ocrx_word' id='word_1_295' title='bbox 1245 4185 1275 4232; x_wconf 91' lang='lat' dir='ltr'>er</span> <span class='ocrx_word' id='word_1_296' title='bbox 1296 4192 1441 4255; x_wconf 91' lang='lat' dir='ltr'>expresse</span> 
     </span>
     <span class='ocr_line' id='line_1_35' title="bbox 169 4277 1440 4362; baseline 0.001 -23"><span class='ocrx_word' id='word_1_297' title='bbox 169 4277 377 4358; x_wconf 88' lang='lat' dir='ltr'>derogamus.</span> <span class='ocrx_word' id='word_1_298' title='bbox 417 4277 505 4340; x_wconf 90' lang='lat' dir='ltr'>Nulli</span> <span class='ocrx_word' id='word_1_299' title='bbox 544 4297 620 4360; x_wconf 92' lang='lat' dir='ltr'>ergo</span> <span class='ocrx_word' id='word_1_300' title='bbox 661 4279 795 4340; x_wconf 91' lang='lat' dir='ltr'>omnino</span> <span class='ocrx_word' id='word_1_301' title='bbox 834 4277 1003 4339; x_wconf 90' lang='lat' dir='ltr'>hominum</span> <span class='ocrx_word' id='word_1_302' title='bbox 1042 4277 1135 4339; x_wconf 90' lang='lat' dir='ltr'>liceat</span> <span class='ocrx_word' id='word_1_303' title='bbox 1174 4278 1254 4340; x_wconf 89' lang='lat' dir='ltr'>hanc</span> <span class='ocrx_word' id='word_1_304' title='bbox 1290 4279 1440 4362; x_wconf 90' lang='lat' dir='ltr'>paginam</span> 
     </span>
     <span class='ocr_line' id='line_1_36' title="bbox 171 4383 1441 4466; baseline 0 -21"><span class='ocrx_word' id='word_1_305' title='bbox 171 4397 282 4445; x_wconf 91' lang='lat' dir='ltr'>nostre</span> <span class='ocrx_word' id='word_1_306' title='bbox 314 4383 541 4462; x_wconf 87' lang='lat' dir='ltr'>absolucionis,</span> <span class='ocrx_word' id='word_1_307' title='bbox 577 4385 790 4448; x_wconf 91' lang='lat' dir='ltr'>concessionis</span> <span class='ocrx_word' id='word_1_308' title='bbox 825 4398 856 4446; x_wconf 90' lang='lat' dir='ltr'>et</span> <span class='ocrx_word' id='word_1_309' title='bbox 890 4385 1113 4466; x_wconf 90' lang='lat' dir='ltr'>derogacionis</span> <span class='ocrx_word' id='word_1_310' title='bbox 1138 4383 1310 4466; x_wconf 86' lang='lat' dir='ltr'>infringere</span> <span class='ocrx_word' id='word_1_311' title='bbox 1335 4384 1386 4446; x_wconf 90' lang='lat' dir='ltr'>vel</span> <span class='ocrx_word' id='word_1_312' title='bbox 1412 4385 1441 4446; x_wconf 90' lang='lat' dir='ltr'>ei</span> 
     </span>
    </p>
   </div>
   <div class='ocr_carea' id='block_1_2' title="bbox 170 4490 1546 4573">
    <p class='ocr_par' dir='ltr' id='par_1_2' title="bbox 170 4490 1546 4573">
     <span class='ocr_line' id='line_1_37' title="bbox 170 4490 1546 4573; baseline 0.001 -22"><span class='ocrx_word' id='word_1_313' title='bbox 170 4509 254 4552; x_wconf 84' lang='lat' dir='ltr'>ausu</span> <span class='ocrx_word' id='word_1_314' title='bbox 276 4490 446 4552; x_wconf 90' lang='lat' dir='ltr'>temerario</span> <span class='ocrx_word' id='word_1_315' title='bbox 468 4491 643 4568; x_wconf 88' lang='lat' dir='ltr'>contraire;</span> <span class='ocrx_word' id='word_1_316' title='bbox 664 4492 688 4552; x_wconf 91' lang='lat' dir='ltr'>si</span> <span class='ocrx_word' id='word_1_317' title='bbox 711 4492 783 4573; x_wconf 92' lang='lat' dir='ltr'>quis</span> <span class='ocrx_word' id='word_1_318' title='bbox 805 4503 911 4553; x_wconf 90' lang='lat' dir='ltr'>autem</span> <span class='ocrx_word' id='word_1_319' title='bbox 934 4491 993 4552; x_wconf 91' lang='lat' dir='ltr'>hoc</span> <span class='ocrx_word' id='word_1_320' title='bbox 1012 4504 1200 4572; x_wconf 88' lang='lat' dir='ltr'>attemptare</span> <span class='ocrx_word' id='word_1_321' title='bbox 1217 4491 1442 4572; x_wconf 91' lang='lat' dir='ltr'>presumpserit</span> <span class='ocrx_word' id='word_1_322' title='bbox 1540 4491 1546 4504; x_wconf 91' lang='lat'>&#39;</span> 
     </span>
    </p>
   </div>
   <div class='ocr_carea' id='block_1_3' title="bbox 170 4595 1442 4997">
    <p class='ocr_par' dir='ltr' id='par_1_3' title="bbox 170 4595 1442 4997">
     <span class='ocr_line' id='line_1_38' title="bbox 171 4595 1441 4678; baseline 0.002 -22"><span class='ocrx_word' id='word_1_323' title='bbox 171 4595 436 4677; x_wconf 89' lang='lat' dir='ltr'>indignacionem</span> <span class='ocrx_word' id='word_1_324' title='bbox 462 4596 692 4678; x_wconf 90' lang='lat' dir='ltr'>omnipotentis</span> <span class='ocrx_word' id='word_1_325' title='bbox 715 4596 767 4659; x_wconf 89' lang='lat' dir='ltr'>dei</span> <span class='ocrx_word' id='word_1_326' title='bbox 789 4617 824 4658; x_wconf 91' lang='lat' dir='ltr'>ac</span> <span class='ocrx_word' id='word_1_327' title='bbox 849 4597 1015 4659; x_wconf 91' lang='lat' dir='ltr'>beatorum</span> <span class='ocrx_word' id='word_1_328' title='bbox 1033 4597 1117 4659; x_wconf 89' lang='lat' dir='ltr'>Petri</span> <span class='ocrx_word' id='word_1_329' title='bbox 1141 4609 1171 4658; x_wconf 90' lang='lat' dir='ltr'>et</span> <span class='ocrx_word' id='word_1_330' title='bbox 1196 4597 1285 4658; x_wconf 90' lang='lat' dir='ltr'>Pauli</span> <span class='ocrx_word' id='word_1_331' title='bbox 1315 4609 1441 4678; x_wconf 90' lang='lat' dir='ltr'>aposto·</span> 
     </span>
     <span class='ocr_line' id='line_1_39' title="bbox 170 4701 1442 4784; baseline 0.002 -22"><span class='ocrx_word' id='word_1_332' title='bbox 170 4701 280 4764; x_wconf 91' lang='lat' dir='ltr'>lorum</span> <span class='ocrx_word' id='word_1_333' title='bbox 314 4701 383 4764; x_wconf 92' lang='lat' dir='ltr'>eius</span> <span class='ocrx_word' id='word_1_334' title='bbox 414 4722 447 4764; x_wconf 91' lang='lat' dir='ltr'>se</span> <span class='ocrx_word' id='word_1_335' title='bbox 479 4703 605 4765; x_wconf 85' lang='lat' dir='ltr'>noverit</span> <span class='ocrx_word' id='word_1_336' title='bbox 637 4704 848 4766; x_wconf 88' lang='lat' dir='ltr'>incursurum.</span> <span class='ocrx_word' id='word_1_337' title='bbox 882 4703 1000 4764; x_wconf 89' lang='lat' dir='ltr'>Datum</span> <span class='ocrx_word' id='word_1_338' title='bbox 1033 4704 1135 4764; x_wconf 87' lang='lat' dir='ltr'>Rome</span> <span class='ocrx_word' id='word_1_339' title='bbox 1171 4703 1256 4784; x_wconf 92' lang='lat' dir='ltr'>apud</span> <span class='ocrx_word' id='word_1_340' title='bbox 1292 4715 1442 4764; x_wconf 91' lang='lat' dir='ltr'>sanctum</span> 
     </span>
     <span class='ocr_line' id='line_1_40' title="bbox 171 4807 1442 4890; baseline 0.002 -23"><span class='ocrx_word' id='word_1_341' title='bbox 171 4807 313 4870; x_wconf 86' lang='lat' dir='ltr'>Petrum.</span> <span class='ocrx_word' id='word_1_342' title='bbox 339 4813 436 4870; x_wconf 84' lang='lat' dir='ltr'>Anno</span> <span class='ocrx_word' id='word_1_343' title='bbox 460 4809 692 4871; x_wconf 89' lang='lat' dir='ltr'>incarnacionis</span> <span class='ocrx_word' id='word_1_344' title='bbox 717 4809 878 4872; x_wconf 91' lang='lat' dir='ltr'>dominice</span> <span class='ocrx_word' id='word_1_345' title='bbox 903 4809 1076 4870; x_wconf 89' lang='lat' dir='ltr'>millesimo</span> <span class='ocrx_word' id='word_1_346' title='bbox 1101 4808 1362 4890; x_wconf 90' lang='lat' dir='ltr'>quingentesimo</span> <span class='ocrx_word' id='word_1_347' title='bbox 1388 4809 1442 4870; x_wconf 92' lang='lat' dir='ltr'>de·</span> 
     </span>
     <span class='ocr_line' id='line_1_41' title="bbox 172 4913 1311 4997; baseline 0.003 -24"><span class='ocrx_word' id='word_1_348' title='bbox 172 4913 270 4993; x_wconf 91' lang='lat' dir='ltr'>cimo,</span> <span class='ocrx_word' id='word_1_349' title='bbox 294 4925 384 4976; x_wconf 88' lang='lat' dir='ltr'>sexto</span> <span class='ocrx_word' id='word_1_350' title='bbox 408 4915 553 4978; x_wconf 89' lang='lat' dir='ltr'>kalendis</span> <span class='ocrx_word' id='word_1_351' title='bbox 576 4915 667 4997; x_wconf 90' lang='lat' dir='ltr'>junii.</span> <span class='ocrx_word' id='word_1_352' title='bbox 696 4915 902 4978; x_wconf 85' lang='lat' dir='ltr'>Pontificatus</span> <span class='ocrx_word' id='word_1_353' title='bbox 925 4916 1024 4977; x_wconf 90' lang='lat' dir='ltr'>nostri</span> <span class='ocrx_word' id='word_1_354' title='bbox 1049 4935 1134 4976; x_wconf 90' lang='lat' dir='ltr'>anno</span> <span class='ocrx_word' id='word_1_355' title='bbox 1159 4915 1311 4997; x_wconf 89' lang='lat' dir='ltr'>septimo.</span> 
     </span>
    </p>
   </div>
   <div class='ocr_carea' id='block_1_4' title="bbox 279 5053 1396 5122">
    <p class='ocr_par' dir='ltr' id='par_1_4' title="bbox 279 5053 1396 5122">
     <span class='ocr_line' id='line_1_42' title="bbox 279 5053 1396 5122; baseline 0.001 -16"><span class='ocrx_word' id='word_1_356' title='bbox 279 5053 423 5108; x_wconf 80' lang='lat' dir='ltr'>Ecoaevo</span> <span class='ocrx_word' id='word_1_357' title='bbox 441 5060 608 5122; x_wconf 73' lang='lat' dir='ltr'>tranas-pto</span> <span class='ocrx_word' id='word_1_358' title='bbox 628 5058 750 5110; x_wconf 83' lang='lat' dir='ltr'>Andreae</span> <span class='ocrx_word' id='word_1_359' title='bbox 769 5055 824 5109; x_wconf 89' lang='lat' dir='ltr'>DD.</span> <span class='ocrx_word' id='word_1_360' title='bbox 845 5071 939 5110; x_wconf 88' lang='lat' dir='ltr'>canon.</span> <span class='ocrx_word' id='word_1_361' title='bbox 959 5057 986 5108; x_wconf 92' lang='lat' dir='ltr'>ln</span> <span class='ocrx_word' id='word_1_362' title='bbox 1007 5057 1106 5110; x_wconf 81' lang='lat' dir='ltr'>archiv.</span> <span class='ocrx_word' id='word_1_363' title='bbox 1126 5071 1182 5107; x_wconf 87' lang='lat' dir='ltr'>ven.</span> <span class='ocrx_word' id='word_1_364' title='bbox 1205 5057 1268 5120; x_wconf 85' lang='lat' dir='ltr'>Cap.</span> <span class='ocrx_word' id='word_1_365' title='bbox 1289 5057 1396 5120; x_wconf 83' lang='lat' dir='ltr'>zagrab.</span> 
     </span>
    </p>
   </div>
   <div class='ocr_carea' id='block_1_5' title="bbox 1315 5146 1332 5208">
    <p class='ocr_par' dir='ltr' id='par_1_5' title="bbox 1315 5146 1332 5208">
     <span class='ocr_line' id='line_1_43' title="bbox 1315 5146 1332 5208; baseline 0 0"><span class='ocrx_word' id='word_1_366' title='bbox 1315 5146 1332 5208; x_wconf 90' lang='lat'><strong>6</strong></span> 
     </span>
    </p>
   </div>
   <div class='ocr_carea' id='block_1_6' title="bbox 0 0 1880 5802">
    <p class='ocr_par' dir='ltr' id='par_1_6' title="bbox 0 0 1880 5802">
     <span class='ocr_line' id='line_1_44' title="bbox 0 0 1880 5802; baseline 0 0"><span class='ocrx_word' id='word_1_367' title='bbox 0 0 1880 5802; x_wconf 95' lang='lat' dir='ltr'> </span> 
     </span>
    </p>
   </div>
  </div>
 </body>
</html>
