3808 5792
390 533 452 596 218
807 539 884 601 Doc.
904 549 972 615 171.
998 572 1039 583 -
1064 540 1123 603 An.
1148 550 1233 614 1521.

390 777 515 827 nostros
539 766 572 828 in
595 784 707 827 eorum
731 763 855 846 juribus
886 780 1053 849 protegere
1078 782 1109 830 et
1131 781 1241 830 contra
1273 769 1437 832 universos
1469 769 1654 852 illegitimos

389 871 586 954 impetitores
609 883 818 934 manutenere
842 893 878 934 ac
902 873 1067 936 defensare
1091 895 1147 957 per
1175 875 1288 956 quevis
1310 876 1452 936 remedia
1477 877 1653 938 necessaria

389 976 504 1038 debeat
527 990 559 1039 et
581 989 736 1040 teneatur.
763 977 863 1040 Secus
886 979 982 1060 igitur
1013 1000 1078 1042 non
1103 979 1226 1042 facturi.
1262 981 1465 1043 Presentibus
1498 981 1654 1064 perlectis,

389 1081 551 1144 exhibenti
576 1083 737 1146 restitutis.
762 1083 880 1146 Datum
913 1085 1003 1147 Bude
1038 1087 1070 1148 in
1102 1084 1243 1169 profesto
1276 1087 1478 1148 sacratissimi
1510 1087 1655 1169 corporis

390 1187 518 1250 Christi.
551 1191 648 1251 Anno
679 1189 824 1252 eiusdem
855 1191 1029 1254 millesimo
1061 1193 1319 1275 quingentesimo
1351 1193 1508 1273 vigesimo
1538 1193 1654 1275 prim0.

494 1318 630 1384 Originale
650 1321 676 1372 in
696 1323 794 1376 charta.
814 1321 841 1372 ln
863 1323 981 1388 margine
1001 1323 1121 1375 inleriorl
1149 1323 1307 1388 impressum
1335 1327 1377 1374 est
1406 1324 1530 1388 sigillum.
1560 1323 1653 1374 Ecol-

389 1407 449 1461 iect.
468 1406 497 1460 E.
517 1406 662 1474 Lasovsky.

988 1586 1064 1653 171.

493 1707 567 1758 Anao
588 1705 664 1759 1521.
684 1707 725 1758 29.
746 1707 814 1759 maii.
835 1706 931 1760 Budae.

389 1831 552 1890 Ludouicus
575 1833 627 1908 Il,
653 1834 756 1907 Hung.
781 1841 830 1895 etc.
854 1853 917 1905 rex,
940 1831 1132 1894 Ferdinando
1154 1835 1337 1909 Frankupon
1360 1835 1460 1894 comiti
1479 1836 1607 1912 inundat,
1625 1844 1660 1894 ut

388 1938 448 1995 sine
472 1957 554 1996 mora
575 1939 682 1998 civibus
703 1940 939 2014 zagrabiensibus
961 1941 1065 1999 reddat
1085 1942 1299 2016 quinquaginta
1321 1949 1450 2016 quatuor
1470 1941 1561 2016 boves,
1585 1961 1658 2016 quos

833 2055 893 2121 pro
915 2048 1021 2105 tributo
1043 2049 1216 2122 confiscavit.

1042 2167 1202 2219 commissio
1222 2165 1332 2231 propria
1351 2167 1449 2216 domini
1470 2166 1550 2231 regis.

496 2253 683 2318 Ludouicus
714 2257 765 2318 dei
798 2257 905 2338 gracia
936 2277 990 2318 rex
1023 2257 1188 2337 Hungarie
1212 2269 1243 2316 et
1274 2255 1430 2317 Bohemie
1464 2268 1522 2317 etc.
1555 2256 1658 2317 Fideli

390 2371 499 2420 nostro
523 2363 687 2444 spectabili
712 2377 743 2425 et
767 2362 940 2446 magnifico
966 2362 1172 2425 Ferdinando
1197 2361 1306 2423 comiti
1331 2361 1370 2422 de
1395 2361 1660 2444 Frangapanibus

390 2465 525 2528 salutem
551 2481 581 2528 et
604 2469 755 2549 graciam.
780 2470 827 2530 Ex
852 2470 992 2551 querelis
1009 2481 1040 2531 et
1055 2468 1295 2550 supplicacione
1313 2467 1459 2530 fidelium
1476 2481 1659 2530 nostrorum

390 2571 508 2632 civium
534 2587 564 2634 et
588 2573 839 2636 inhabitatorum
863 2575 999 2637 civitatis
1022 2588 1130 2637 nostre
1147 2575 1266 2635 montis
1283 2573 1452 2636 Grecensis
1468 2575 1660 2657 accepimus,

391 2677 479 2756 quod
504 2680 651 2758 quamvis
675 2681 892 2742 mediantibus
915 2681 1028 2742 litteris
1052 2679 1168 2742 nostris
1192 2680 1299 2762 sepius
1321 2680 1379 2741 tibi
1404 2680 1437 2741 in
1463 2700 1501 2741 eo
1527 2681 1659 2741 manda-

391 2781 541 2862 verimus,
565 2797 600 2846 ut
623 2785 696 2847 illos
720 2787 955 2868 quinquaginta
980 2799 1131 2868 quattuor
1155 2786 1254 2848 boves
1277 2785 1455 2848 eorundem
1479 2787 1598 2848 civium
1630 2799 1660 2847 et

392 2888 603 2970 jobagionum
628 2905 812 2954 nostrorum
837 2913 893 2976 per
916 2906 947 2955 te
971 2885 1003 2954 v'i
1027 2907 1058 2955 et
1081 2892 1305 2976 potencialiter
1328 2892 1452 2954 ablatos
1476 2892 1611 2956 reddere
1629 2907 1660 2954 et

392 2975 515 3056 restitui
540 2994 643 3058 facere
667 2998 810 3078 deberes,
834 3013 868 3061 tu
892 3013 999 3060 tamen
1034 2999 1173 3060 nescitur
1197 2998 1284 3060 unde
1308 3012 1425 3078 motus,
1449 3018 1516 3060 non
1544 2999 1659 3059 curatis

392 3099 577 3164 huiusmodi
601 3103 761 3166 mandatis
785 3106 900 3166 nostris
924 3106 1055 3168 eosdem
1080 3106 1166 3167 cives
1190 3117 1221 3167 et
1244 3105 1433 3188 jobagiones
1457 3117 1585 3166 nostros
1607 3123 1659 3164 su-

391 3206 523 3287 perinde
549 3223 716 3270 contentos
739 3211 872 3272 reddere
892 3211 942 3272 vel
963 3211 1065 3272 dictos
1081 3213 1181 3274 boves
1198 3231 1309 3273 eorum
1326 3211 1490 3272 restituere
1506 3211 1661 3272 hactenus

393 3331 456 3373 non
482 3334 622 3376 curasses
642 3335 746 3397 neque
765 3337 890 3378 curares
907 3317 1009 3378 eciam
1026 3318 1126 3380 modo
1144 3319 1176 3380 in
1194 3331 1414 3399 contemptum
1432 3316 1660 3378 mandatorum

393 3433 584 3499 nostrorum,
609 3421 852 3504 dampnumque
885 3425 1063 3486 eorundem
1088 3425 1206 3485 civium
1239 3423 1331 3484 valde
1363 3442 1529 3504 magnum.
1553 3423 1661 3496 Quare

393 3545 517 3586 rursum
548 3526 693 3589 fidelitati
718 3543 771 3590 tue
808 3549 844 3590 ex
882 3529 1179 3612 superhabundanti
1215 3529 1329 3590 harum
1365 3529 1444 3590 serie
1480 3528 1662 3590 firmissime

393 3633 623 3695 committimus
660 3629 701 3696 et'
726 3635 928 3716 mandamus,
967 3649 1125 3718 quatenus
1164 3636 1301 3718 acceptis
1333 3635 1535 3717 presentibus
1572 3634 1662 3694 omni

393 3737 553 3800 dilacione
578 3753 609 3802 et
632 3740 833 3822 subterfugio
857 3743 999 3821 semotis,
1016 3743 1156 3824 prelatos
1180 3743 1279 3803 boves
1302 3741 1462 3802 dictorum
1487 3739 1607 3801 civium
1632 3752 1662 3799 et

393 3842 602 3924 jobagionum
640 3859 823 3909 nostrorum
860 3847 982 3928 integre
1018 3849 1194 3926 restituere,
1228 3861 1282 3909 aut
1320 3847 1452 3909 eosdem
1488 3844 1661 3926 superinde

393 3965 559 4012 contentos
582 3951 727 4031 reddere,
753 3966 783 4013 et
814 3953 840 4013 si
876 3953 1000 4035 aliquid
1036 3955 1176 4015 accionis
1212 3973 1285 4014 curn
1321 3953 1397 4035 ipsis
1434 3951 1662 4032 jobagionibus

395 4057 511 4116 nostris
534 4057 694 4137 habueris,
718 4058 750 4118 id
774 4057 907 4138 juridice
932 4060 1083 4141 prosequi
1108 4061 1255 4122 tenearis.
1287 4059 1370 4120 Nam
1401 4058 1547 4139 alioquin
1574 4076 1661 4118 corn-

395 4161 557 4222 mittemus
581 4177 611 4225 et
635 4183 691 4246 per
718 4177 879 4245 presentes
911 4166 1142 4227 committimus
1178 4165 1286 4227 futuro
1318 4167 1403 4226 bano
1436 4165 1527 4245 regni
1562 4163 1661 4225 nostri

396 4267 576 4348 Sclauonie,
602 4283 635 4330 ut
652 4270 717 4350 ipse
733 4269 874 4352 prefatos
899 4272 983 4333 cives
1000 4285 1030 4332 et
1054 4271 1283 4332 inhabitatores
1300 4271 1384 4331 dicte
1401 4270 1538 4332 civitatis
1553 4283 1660 4330 nostre

396 4373 513 4434 montis
552 4373 721 4436 Grecensis
756 4377 788 4436 in
813 4376 933 4436 damno
965 4377 1090 4438 diucius
1129 4377 1311 4458 relinquere
1348 4395 1413 4437 non
1446 4375 1572 4453 debeat,
1605 4373 1659 4434 sed

396 4477 515 4540 eisdem
539 4479 578 4541 de
603 4493 785 4562 opportuno
810 4482 953 4544 remedio
977 4482 1153 4564 provideat.
1179 4483 1278 4544 Secus
1302 4482 1410 4563 itaque
1435 4480 1549 4558 facere,
1568 4479 1659 4541 nullo

396 4583 494 4644 modo
525 4583 626 4648 iacere
661 4607 836 4670 presumas.
869 4589 1072 4650 Presentibus
1106 4589 1266 4671 perlectis,
1302 4587 1465 4650 exhibenti
1500 4585 1663 4648 restitutis.

397 4687 513 4750 Datum
538 4691 627 4754 Rude
651 4694 683 4754 in
706 4694 848 4776 profesto
872 4695 1074 4757 sacratissimi
1098 4695 1242 4777 corporis
1265 4693 1395 4758 Christi.
1421 4698 1517 4755 Anno
1535 4692 1660 4754 domini

398 4794 568 4858 millesimo
593 4799 853 4881 quingentesimo
877 4801 1034 4881 vigesimo
1057 4802 1174 4883 primo.

502 4925 636 4992 originale
656 4931 681 4980 in
700 4931 798 4984 charta.
818 4931 845 4982 ln
865 4931 983 4996 margine
1003 4932 1120 4983 inferiori
1140 4932 1298 4995 impressum
1318 4933 1360 4981 est
1379 4927 1505 4995 sigillum.
1517 4926 1548 4979 ln
1563 4925 1662 4980 archiv.

398 5012 456 5066 incl.
477 5013 576 5066 Accad.
595 5017 689 5072 scient.
709 5017 812 5073 Siavor.
832 5021 925 5074 meriti.
