3752 5806
597 588 669 647 Dor.
685 599 740 662 50,
762 599 815 662 51.
838 623 873 630 -
900 588 1061 663 An115oo.

199 691 484 699 ——--—.-—--
503 694 635 699 -—..-..

806 817 869 882 50.

300 953 376 1005 Anno
398 953 473 1020 1506,
493 955 534 1006 22.
554 956 650 1008 martii.
670 953 699 1007 ln
718 954 858 1010 Rakouob

193 1081 322 1139 Beatrr'x
360 1084 393 1140 de
417 1083 669 1157 Frangepanr'bus,
700 1085 822 1155 ducissa,
842 1087 993 1160 fratribus
1023 1086 1234 1144 Remetensr'bus
1263 1088 1393 1157 concedit,
1429 1099 1462 1146 ut

271 1207 369 1246 corum
392 1207 465 1260 oves,
488 1192 615 1265 aliaque·
629 1193 773 1250 antinulia
797 1194 827 1250 in
851 1191 935 1266 agris
957 1192 1050 1250 castri
1071 1193 1198 1250 Medvcd
1214 1201 1384 1266 pascantur.

300 1329 368 1390 Nos
392 1329 517 1391 Beatrix
541 1329 581 1392 de
610 1331 883 1413 Frangepanibus‚
916 1331 1121 1392 illustrissimi
1146 1331 1311 1412 quondam
1338 1333 1462 1396 domini

191 1434 327 1495 loannis
361 1435 508 1514 Coruini,
541 1437 691 1518 Liptouie
726 1437 817 1498 ducis
841 1457 877 1498 ac
910 1445 1083 1518 regnorum
1119 1437 1294 1516 Dalmacie‚
1329 1437 1461 1500 Croacie

191 1554 221 1600 et
255 1540 428 1602 Sclavonie
459 1543 532 1604 bani
564 1556 622 1604 etc.
649 1544 804 1604 Memoris
833 1543 1098 1605 commendamus
1126 1557 1237 1604 tenore
1262 1545 1460 1624 presencium

190 1645 420 1728 significantes,
445 1635 563 1728 quibus
587 1648 716 1730 expedit
740 1649 905 1711 universis.
924 1650 1021 1722 Quod
1047 1670 1105 1712 nos
1129 1663 1197 1712 tum
1222 1648 1376 1712 habentes
1399 1670 1461 1711 res-

189 1766 320 1833 pectum
346 1773 420 1834 erga
444 1753 616 1815 claustrum
641 1755 732 1816 beate
753 1755 852 1816 Marie
877 1755 1019 1835 virginis,
1038 1775 1138 1838 prope
1160 1769 1298 1816 castrum
1315 1769 1460 1818 nostrum

191 1857 321 1918 Medwe
347 1872 506 1936 vocatum,
525 1857 704 1938 fundatum,
723 1873 792 1922 tum
817 1861 918 1922 eciam
942 1860 981 1922 ad
1007 1861 1164 1922 humilem
1188 1861 1460 1944 supplicationem

191 1963 386 2024 venerabilis
422 1963 525 2026 fratris
560 1965 670 2044 Marci,
707 1967 815 2027 vicarii
852 1967 995 2028 eiusdem
1032 1967 1135 2046 castri,
1171 1967 1293 2030 ordinis
1329 1966 1461 2028 fratrum

190 2070 407 2132 Eremitarum
434 2071 465 2131 in
490 2091 545 2132 sua
570 2086 601 2132 et
624 2071 756 2133 fratrum
781 2073 813 2133 in
839 2073 954 2134 eodem
979 2073 1189 2155 degencium;
1207 2093 1280 2134 cum
1305 2073 1405 2134 eciam
1430 2087 1461 2135 et

189 2176 356 2256 potissime
389 2179 430 2237 ob
464 2196 553 2258 spem
586 2191 617 2238 et
647 2177 873 2255 devocion0m‚
907 2198 1003 2260 quam
1037 2178 1193 2240 babemus
1227 2198 1301 2259 erga
1334 2179 1459 2240 beatam

188 2281 350 2362 virginem
375 2282 520 2361 Mariam,
545 2281 715 2364 specialem
739 2283 926 2346 advocatam
945 2298 1087 2346 nostram
1104 2299 1134 2345 et
1151 2284 1310 2346 dictorum
1329 2281 1457 2346 fratrum

189 2387 408 2449 Eremitarum
440 2389 606 2450 oraciones
630 2401 661 2450 et
683 2389 844 2470 suffragia,
869 2390 899 2450 id
933 2391 1148 2452 concessimus
1177 2404 1208 2452 et
1231 2390 1403 2452 annuimus
1427 2390 1458 2450 in

188 2508 383 2574 perpetuum
408 2514 444 2554 ex
469 2495 599 2576 speciali
624 2495 729 2575 gracia
753 2509 783 2556 et
813 2495 1041 2556 benevolencia
1066 2509 1183 2573 nostra,
1208 2509 1243 2557 ut
1266 2495 1325 2576 ipsi
1350 2495 1460 2557 fratres

188 2613 355 2681 presentes
379 2614 410 2662 et
434 2599 543 2678 futuri,
567 2620 679 2662 eorum
704 2621 781 2663 oves
803 2591 833 2662 et
854 2601 915 2662 alia
933 2601 1084 2663 animalia
1101 2602 1134 2662 in
1151 2601 1267 2664 nostris
1284 2601 1458 2679 montibus,

186 2706 291 2785 terris,
314 2705 397 2768 infra
422 2721 523 2769 metas
547 2707 622 2768 dicti
648 2707 773 2768 claustri
801 2720 831 2769 et
856 2709 946 2768 castri
972 2708 1071 2769 nostri
1102 2708 1228 2769 Medwe
1252 2720 1283 2768 et
1307 2707 1338 2768 in
1363 2707 1458 2787 perti-

187 2812 312 2873 nenciis
336 2812 411 2873 ville
436 2826 541 2874 nostre
567 2813 714 2876 Grachan
739 2829 861 2892 vocate,
879 2814 1005 2875 valeant
1027 2813 1126 2875 libere
1150 2833 1278 2895 pascere
1296 2827 1326 2874 et
1344 2813 1457 2874 nutriti

187 2916 293 2980 facere
330 2919 398 2979 sine
437 2918 579 3002 dampno
619 2933 725 2982 tamen
766 2933 906 2982 satorum
944 2933 975 2981 et
1009 2919 1175 2981 vinearum
1211 2931 1392 2980 nostrarum
1427 2931 1458 2979 et

187 3023 401 3104 jobagionum
432 3025 579 3087 similiter
610 3039 804 3087 nostrorum.
834 3027 867 3087 ln
893 3027 984 3088 cuius
1008 3026 1052 3088 rei
1077 3025 1185 3104 fidem,
1209 3023 1457 3104 firmitatemque

187 3143 377 3210 perpetuam
410 3144 570 3212 presentes
603 3131 711 3192 literas
734 3145 858 3192 nostras
882 3132 988 3212 sigillo
1013 3145 1123 3194 nostro
1147 3129 1357 3212 quo'utimur
1381 3149 1457 3190 con·

187 3236 340 3315 signatas,
364 3235 514 3298 duximus
538 3237 771 3300 concedendas.
806 3238 923 3299 Datum
949 3239 980 3299 in
1006 3238 1137 3299 castello
1162 3251 1270 3298 nostro
1295 3237 1453 3298 Rakonok

188 3341 221 3402 in
246 3341 410 3403 dominica
443 3343 564 3405 Letare.
599 3348 695 3404 Anno
719 3343 843 3405 domini
869 3344 1042 3405 millesimo
1068 3343 1326 3424 quingentesimo
1351 3355 1451 3402 sextu.

296 3461 402 3515 Summa
424 3465 623 3530 privilegiorum
646 3472 789 3518 monaster.
810 3463 1004 3518 Remetltensla.
1026 3463 1093 3517 MSC
1121 3467 1146 3518 in
1167 3466 1261 3517 archiv.
1283 3463 1341 3517 inol.
1360 3464 1456 3514 Accad.

188 3549 289 3604 Sciant.
310 3550 413 3604 Slavor.
433 3553 525 3604 merid.
544 3553 574 3604 11.
595 3557 677 3610 c.13.

798 3800 851 3867 51.

293 3941 367 3992 Auno
390 3941 465 4006 1506,
485 3942 527 3994 21.
545 3942 714 4005 septembris.
735 3941 832 3992 Budae.

195 4085 371 4156 Vladr'slaus,
394 4086 571 4159 Hungarrizc
592 4093 641 4146 etc.
665 4105 727 4156 rex,
750 4088 975 4144 cmmunr'ratem
1003 4088 1128 4144 crirr'tatrs
1150 4083 1338 4163 reprehendit
1359 4086 1389 4142 in
1411 4103 1452 4160 eo,

185 4191 267 4266 quod
285 4194 457 4249 monasterio
488 4193 650 4250 Remetensi
669 4195 786 4267 ejusque
807 4190 1017 4270 jobagionibus
1048 4193 1208 4261 interdixit,
1230 4209 1266 4250 ne
1292 4191 1452 4250 hominibus

276 4300 390 4355 tamin
420 4299 576 4357 Corinthia
598 4300 847 4356 cmmortantr'bus
870 4317 959 4373 quam
986 4299 1054 4355 aliis
1078 4296 1179 4356 vinum
1203 4297 1364 4358 venderent.

294 4418 492 4480 Wladislaus
515 4419 566 4480 dei
589 4419 694 4500 gracia
719 4439 771 4479 rex
796 4420 962 4500 Hungarie
987 4425 1017 4481 e't
1038 4417 1193 4481 Bohemie
1211 4431 1269 4480 etc.
1286 4417 1452 4480 Fidelibus

186 4523 304 4585 nostris
327 4525 539 4605 prudentibus
562 4536 593 4587 et
616 4526 854 4607 circumspectis
874 4525 971 4604 judici
996 4537 1027 4586 et
1051 4525 1161 4606 juratis
1178 4524 1300 4585 civibus
1316 4523 1452 4585 civitatis

186 4642 293 4690 nostre
318 4631 533 4711 zagrabiensis
555 4631 691 4693 salutem
716 4645 747 4693 et
769 4631 920 4712 graciam.
946 4633 991 4692 Ex
1009 4631 1149 4712 querelis
1167 4645 1197 4692 et
1213 4629 1451 4712 supplicacione

186 4734 412 4816 religiosorum
437 4736 568 4798 fratrum
591 4737 805 4798 Eremitarum
829 4737 951 4798 ordinis
976 4737 1076 4799 sancti
1091 4737 1181 4798 Pauli
1200 4736 1293 4818 primi
1312 4737 1451 4798 Eremite

187 4841 219 4902 in
251 4841 392 4904 claustro
422 4845 511 4905 beate
543 4844 642 4905 Marie
679 4843 811 4922 virginis
842 4863 936 4925 supra
968 4843 1086 4904 dictam
1118 4843 1278 4905 civitatem
1310 4856 1451 4905 nostram

186 4947 430 5028 zagrabiensem
454 4947 586 5012 fundato
611 4949 802 5030 degentium
830 4949 1011 5030 accepimus
1035 4947 1212 5010 admodum
1236 4948 1451 5030 displicenter,

188 5051 275 5132 quod
307 5051 383 5114 licet
414 5053 523 5116 fratres
553 5055 613 5138 ipsi
639 5055 790 5134 Eremite,
815 5054 987 5134 colonique
1011 5055 1186 5116 eorundem
1213 5054 1270 5115 hac
1296 5055 1451 5132 libertate,
