3752 5806
616 571 686 629 Doc.
705 583 752 646 23.
774 601 810 612 -
828 571 884 629 An.
902 583 990 646 1503.
1391 589 1430 652 23

161 798 294 859 ecclesie
327 799 587 880 constitutiones,
611 799 788 880 antiquitus
810 801 1003 876 observatas,
1027 816 1203 880 prosequar
1225 813 1256 862 et
1279 800 1431 880 prosequi

161 902 276 964 faciam
308 919 339 966 et
371 905 528 988 spondeo.
553 906 671 967 Datum
704 906 737 967 in
760 919 869 970 monte
898 903 1052 967 Grecensi
1077 903 1109 965 in
1135 904 1215 966 festo
1240 906 1324 967 beati
1348 907 1431 987 regis

161 1010 326 1092 Stephani.
356 1015 454 1074 huno
478 1011 601 1073 domini
625 1011 799 1075 millesimo
823 1011 1083 1094 quingentesimo
1107 1011 1217 1072 tercio.

652 1135 686 1198 lo
711 1134 873 1198 Giovanni
897 1133 1021 1196 Pastoir
1045 1133 1086 1195 da
1111 1133 1266 1213 Firencie,
1290 1133 1430 1196 abitante

781 1243 813 1302 in
838 1240 994 1324 Zagrabia
1018 1260 1115 1302 mano
1136 1241 1265 1323 propria
1290 1240 1429 1302 aiscrito.

266 1395 405 1461 Originsle
424 1398 450 1448 in
469 1397 565 1448 oberte.
578 1396 608 1449 ln
628 1399 744 1464 margine
763 1396 883 1450 inferiori
902 1399 1023 1462 impress.
1044 1399 1113 1449 anul.
1133 1396 1214 1463 sigill.
1236 1395 1264 1450 ln
1284 1397 1353 1448 arch.
1369 1411 1428 1451 ven.

159 1484 237 1548 Capit
267 1487 375 1550 zegrab.
395 1485 452 1537 Aet.
473 1485 525 1550 Cap
556 1491 608 1537 ant.
629 1485 691 1537 fase.
714 1487 744 1537 10
764 1501 803 1538 nr.
823 1487 864 1538 51.

765 1786 825 1852 23.

264 1961 342 2012 Anno
365 1961 440 2024 1503,
460 1961 501 2013 23.
520 1960 640 2026 Augusti.
661 1959 688 2012 ln
707 1959 901 2012 Zentnniklos.

156 2141 185 2197 A
201 2141 347 2217 johanne
370 2141 476 2198 Punck
497 2147 525 2198 et
548 2141 673 2199 Mcolao
703 2140 774 2199 Osel
793 2141 906 2214 legatus
930 2141 1109 2213 Zagradiam
1133 2143 1265 2216 mittitur,
1289 2143 1342 2216 qui
1366 2159 1428 2199 cum

150 2247 379 2320 praebendariis
401 2254 480 2319 agat,
503 2247 641 2320 quomoda
663 2247 788 2320 legatum
818 2247 956 2321 Gregorii
980 2249 1109 2321 parochi
1125 2249 1315 2322 gragenertsis
1337 2267 1427 2323 quam

592 2354 720 2427 prmum
744 2355 783 2414 iis
805 2351 1000 2428 expendatur.

266 2510 478 2572 Honorabilis
489 2510 632 2590 domine,
649 2509 818 2592 fautorque
831 2511 925 2572 nobis
940 2510 1138 2573 honorande.
1157 2511 1243 2584 Quia
1259 2525 1354 2594 prout
1370 2532 1428 2572 nu-

156 2618 298 2700 perrime
313 2637 388 2678 cum
405 2630 519 2678 mutuo
536 2616 656 2678 fuimus
670 2616 701 2678 in
719 2616 802 2678 facto
818 2619 997 2679 testamenti
1011 2617 1137 2678 discreti
1155 2617 1292 2678 condam
1305 2617 1429 2681 domini

158 2723 322 2806 Gregorii,
358 2722 437 2784 olim
471 2722 600 2804 plebani
636 2722 747 2802 nostri,
771 2723 1030 2784 concluseramus
1058 2743 1117 2785 nos
1140 2723 1180 2784 ad
1205 2721 1320 2784 festum
1345 2723 1428 2785 beati

159 2829 381 2891 Bartholomei
405 2827 542 2910 apostoli
566 2829 711 2910 proxime
735 2841 906 2890 venturum
930 2829 1018 2890 adire
1034 2829 1100 2890 Vos
1124 2829 1324 2910 Zagrabiam,
1338 2829 1429 2890 nullo

157 2935 259 2997 modo
284 2953 467 3018 possumus,
491 2953 529 2995 eo
555 2934 642 3015 quod
668 2935 727 2996 sub
751 2955 834 3017 pena
859 2933 1056 2997 infidelitatis
1080 2935 1173 2997 nobis
1197 2935 1228 2996 in
1255 2935 1338 2996 dicta
1370 2935 1429 2996 cri·

158 3041 255 3103 siensi
289 3039 323 3102 in
356 3039 575 3102 convencione
608 3040 823 3102 universitatis
858 3041 1017 3102 nobilium
1046 3041 1196 3102 interesse
1229 3041 1428 3120 debebimus,

158 3161 332 3230 propterea
357 3145 580 3228 deputavimus
603 3145 643 3208 ad
669 3145 735 3208 Vos
759 3146 818 3208 hos
841 3147 983 3209 nobiles:
1009 3146 1188 3210 iohannem
1213 3147 1374 3208 literatum
1398 3161 1429 3209 et

159 3253 341 3334 Georgium
373 3251 511 3332 fabrum,
543 3251 654 3314 fratres
693 3267 828 3331 nostros,
864 3253 902 3313 de
938 3266 1045 3315 nostra
1080 3267 1187 3315 mente
1227 3251 1427 3332 informatos,

158 3373 311 3440 rogantes
328 3358 600 3420 Dominacionem
624 3371 771 3438 vestram,
789 3359 834 3419 uti
859 3359 1028 3420 dominum
1053 3373 1084 3422 et
1107 3361 1247 3421 amicum
1272 3373 1428 3438 nostrum,

158 3479 319 3546 quatenus
353 3484 400 3544 ea,
425 3483 486 3545 que
519 3463 618 3525 iidem
649 3463 766 3526 latores
796 3466 998 3546 presencium
1029 3480 1138 3526 nostro
1170 3465 1301 3526 nomine
1335 3467 1427 3528 vobis

158 3571 316 3632 referrent
346 3583 378 3630 et
411 3570 538 3630 credere
566 3583 597 3631 et
627 3571 659 3632 in
691 3570 774 3632 facto
806 3571 939 3654 predicti
970 3572 1149 3633 testamenti
1182 3572 1257 3634 dicti
1290 3572 1427 3634 condam

158 3677 284 3738 domini
303 3675 464 3757 Gregorii,
482 3696 555 3737 cum
579 3676 699 3738 eisdem
717 3698 779 3739 una
796 3679 892 3740 talem
911 3679 1057 3738 ordinem
1075 3692 1106 3739 et
1121 3677 1218 3740 finem
1236 3679 1427 3740 concludere

158 3783 273 3862 velitis,
299 3795 396 3864 prout
420 3783 596 3843 secundum
621 3783 716 3845 deum
742 3797 772 3845 et
796 3784 864 3846 eius
888 3783 1055 3864 justiciam,
1085 3784 1177 3846 vobis
1201 3785 1316 3846 melius
1338 3785 1428 3846 recti·

158 3911 261 3972 usque
296 3889 469 3966 videbitur,
497 3902 531 3950 ut
564 3909 621 3950 nec
654 3890 719 3951 Vos
752 3911 799 3970 ea,
824 3911 886 3972 que
919 3910 984 3951 non
1019 3903 1093 3952 sunt
1125 3891 1271 3952 debenda
1304 3891 1427 3974 petatis,

158 4017 264 4077 neque
288 4016 349 4057 nos
381 4014 511 4076 quoque
547 4015 593 4074 ea,
619 4015 682 4076 que
715 4017 788 4057 vera
814 3997 919 4058 debita
944 4011 1058 4074 essent,
1085 3997 1290 4078 denegemus.
1316 3997 1427 4059 Valete

158 4101 304 4164 feliciter.
324 4101 370 4162 Ex
387 4099 558 4181 Gragenna
576 4101 807 4181 Zenthmiklos,
825 4101 901 4164 feria
926 4115 1037 4184 quarta
1061 4102 1206 4184 proxima
1223 4116 1295 4186 post
1312 4101 1426 4164 festum

158 4210 243 4269 beau
268 4228 353 4288 regis
376 4205 540 4288 Stephani.
571 4229 661 4290 1503.
868 4296 1029 4358 Johannes
1053 4297 1173 4359 pwnek
1199 4297 1238 4358 de
1262 4296 1427 4360 pemWCZ

922 4417 953 4464 et
976 4403 1129 4464 Nicolaus
1155 4402 1232 4466 Osel
1255 4401 1294 4464 de
1318 4404 1426 4466 larn0.

251 4523 299 4608 (A
323 4543 421 4608 tergo).
449 4525 640 4588 Honorabili
663 4525 797 4588 domino
822 4525 962 4606 Matheo,
979 4526 1101 4587 decano
1127 4525 1334 4588 dominorum
1357 4547 1426 4610 pre-

158 4633 391 4694 bendariorum
425 4631 512 4693 chori
537 4631 668 4694 ecclesie
700 4633 926 4713 zagrabiensis,
950 4633 1095 4712 domino,
1127 4633 1309 4715 fautorique
1334 4634 1427 4696 nobis

159 4737 364 4801 honorando.

264 4895 405 4962 Originale
425 4893 451 4947 in
470 4897 566 4949 charta,
579 4895 600 4946 Α
614 4901 691 4962 tergo
705 4895 862 4961 impressum
877 4903 918 4948 est
932 4897 1056 4962 sigillum.
1072 4895 1101 4949 ln
1115 4897 1203 4948 archiv
1225 4897 1317 4949 honor.
1331 4899 1426 4963 colleg.

161 4987 307 5038 Praebend.
