3752 5806
392 552 433 630 64
806 552 880 610 Dec.
909 547 957 611 62.
985 585 1029 594 -
1057 554 1111 608 An.
1143 546 1231 624 1508.

390 777 502 856 Crisio,
517 779 682 859 Mikulych
706 778 819 856 dictus,
843 778 950 838 senior
973 777 1067 856 judex
1093 791 1124 838 et
1148 777 1289 838 concivis
1313 791 1431 856 noster,
1449 778 1489 840 ad
1514 793 1658 840 nostram

390 885 600 966 personaliter
631 885 763 944 veniens
794 884 992 965 presenciam
1022 881 1188 944 coufessus
1211 883 1314 944 estin
1337 883 1422 945 hunc
1447 885 1599 946 modum:
1625 893 1673 944 ut'

391 990 457 1072 ipse
481 990 643 1070 quandam
667 1003 783 1051 terram
800 1009 890 1050 suem
908 990 1072 1066 arabilem,
1094 1009 1191 1070 penes
1210 989 1323 1071 thopol
1340 1003 1502 1066 vocatum,
1519 990 1551 1050 in
1568 990 1659 1050 terri-

390 1095 473 1156 torio
486 1115 542 1156 seu
558 1115 672 1178 campo
685 1095 820 1156 civitatis
833 1094 952 1178 prefate
967 1096 1048 1156 inter
1060 1109 1175 1156 terram
1189 1096 1357 1156 atrabilem
1373 1094 1540 1156 kolendini
1558 1095 1659 1156 sancti

391 1201 474 1262 Petri
508 1202 547 1262 ab
579 1201 724 1262 orientali
757 1221 793 1262 ac
824 1201 906 1262 inter
937 1201 1022 1262 viam
1054 1219 1261 1262 communem
1295 1214 1326 1261 et
1350 1201 1514 1282 quandam
1536 1213 1659 1262 terram

390 1326 608 1368 successorum
633 1307 771 1367 condam
797 1307 1010 1388 Fistrowycza
1032 1319 1143 1367 vocata
1159 1325 1177 1367 a
1193 1319 1281 1386 parte
1298 1307 1514 1385 meridionali,
1531 1325 1659 1369 necnon

391 1415 473 1474 inter
500 1427 616 1473 terram
650 1413 818 1474 arrabilem
849 1412 1009 1494 prebende
1043 1395 1142 1474 sancti
1176 1413 1303 1473 Martini
1332 1413 1363 1473 in
1388 1412 1540 1496 hospitali
1564 1414 1658 1474 beate

391 1519 523 1600 virginis
555 1519 595 1580 ab
625 1519 814 1580 occidentali
847 1531 878 1580 et
912 1519 993 1580 inter
1023 1519 1108 1580 viam
1137 1538 1343 1580 communem
1367 1539 1384 1580 a
1409 1534 1498 1601 parte
1521 1532 1660 1600 septem-

390 1625 518 1687 trionali
551 1625 692 1686 habitam
723 1638 754 1686 et
782 1625 980 1704 existentem,
1004 1644 1057 1685 sex
1083 1624 1184 1687 dietas
1206 1639 1288 1686 terre
1314 1625 1346 1686 in
1371 1646 1404 1686 se
1428 1625 1660 1704 continentem,

391 1732 495 1813 ipsum
520 1731 641 1792 scilicet
665 1731 847 1792 Emericum
872 1731 1045 1792 litteratum
1070 1751 1088 1792 a
1111 1730 1248 1812 provido
1265 1731 1334 1792 viro
1352 1731 1481 1792 Andrea
1498 1729 1658 1808 carnifice,

391 1837 458 1898 lilio
489 1837 626 1898 condam
660 1837 813 1898 Demetrii
846 1836 1017 1918 Ribatych,
1046 1837 1126 1898 olim
1158 1837 1290 1898 concive
1325 1849 1445 1916 nostro,
1479 1838 1660 1919 empcionis

390 1944 485 2005 titulo
510 1944 695 2004 litteratorie
720 1957 977 2021 concernentenr,
998 1957 1093 2024 prout
1117 1943 1177 2004 hoc
1202 1944 1235 2004 in
1259 1943 1398 2023 quadam
1423 1943 1527 2005 littera
1551 1957 1659 2005 nostra

353 2083 355 2086 ·
391 2069 447 2110 seu
478 2050 613 2111 civitatis
643 2048 775 2131 prefate,
800 2062 944 2131 tempore
977 2048 1136 2129 judicatus
1167 2049 1326 2130 Gregorii,
1358 2049 1415 2111 filii
1450 2049 1590 2128 Andree,
1619 2050 1660 2111 de

390 2175 476 2216 anno
500 2155 624 2217 domini
649 2155 821 2217 millesimo
845 2155 1105 2236 quingentesimo
1128 2155 1277 2237 septime,
1296 2156 1429 2216 sabbato
1452 2153 1505 2216 die
1527 2155 1660 2218 infesto

391 2262 474 2324 beati
501 2261 612 2323 Briccii
644 2261 784 2342 episcopi
809 2275 840 2322 et
869 2259 1059 2322 confessoris
1081 2261 1264 2342 nuperrime
1293 2261 1461 2343 preteritis,
1486 2281 1545 2343 pro
1569 2275 1660 2343 parte

391 2367 490 2449 ipsius
529 2367 664 2428 Emerici
704 2367 831 2428 litterati
866 2366 1036 2448 superinde
1071 2365 1216 2427 confecta
1255 2377 1286 2427 et
1320 2379 1478 2444 emanata,
1510 2385 1661 2448 expresse

392 2472 531 2534 vidimus
563 2473 707 2533 occulata
741 2484 772 2534 et
806 2491 913 2534 coram
949 2472 1043 2533 nobis
1074 2471 1107 2532 in
1140 2471 1246 2554 specie
1271 2471 1439 2548 conducta,
1463 2472 1560 2533 simul
1585 2491 1660 2533 cum

392 2560 544 2639 oinnibus
567 2578 711 2640 eiusdem
744 2579 851 2639 totalis
873 2591 955 2639 terre
982 2577 1127 2638 atrabilis
1151 2577 1353 2654 utilitatibus,
1378 2577 1511 2656 juribus,
1535 2579 1661 2657 usibus,

391 2684 624 2763 integritatibus
640 2699 671 2744 et
688 2683 891 2764 pertinenciis
909 2683 1065 2744 universis
1082 2683 1220 2764 provido
1231 2697 1261 2744 et
1275 2683 1411 2744 honesto
1423 2683 1492 2745 viro
1507 2684 1659 2746 Michaeli

392 2787 531 2870 pellifici,
555 2789 672 2849 seniori
698 2788 800 2868 jurato
825 2803 856 2850 et
878 2789 1003 2850 concivi
1027 2802 1136 2850 nostro
1161 2809 1196 2850 ac
1221 2808 1276 2869 per
1300 2807 1374 2848 eum
1398 2789 1464 2849 suis
1486 2789 1661 2851 heredibus

391 2914 449 2976 pro
473 2893 612 2955 sedecim
637 2894 767 2955 florenis
789 2895 856 2955 auri
882 2913 938 2976 pet
962 2895 1101 2956 eundem
1126 2894 1318 2956 Michaelem
1344 2893 1516 2975 pellificem
1533 2893 1660 2976 prefato

392 3000 540 3060 Emerico
577 3001 725 3079 litterat0,
749 3015 845 3081 prout
869 3001 1003 3083 ipsemet
1034 3001 1128 3062 nobis
1159 3001 1278 3078 retulit,
1303 3000 1366 3080 jam
1397 3001 1492 3082 plene
1520 3000 1603 3061 datis
1629 3014 1660 3062 et

391 3107 571 3188 persolutis,
599 3107 794 3167 vendidisset
822 3119 852 3167 et
880 3107 1076 3186 contulisset,
1109 3109 1209 3168 immo
1234 3127 1270 3168 ex
1296 3127 1453 3168 consensu
1476 3107 1661 3168 vicinorum

390 3212 606 3293 predictorum
631 3213 775 3274 vendidit
800 3227 831 3274 et
855 3212 990 3274 contulit
1013 3230 1120 3274 coram
1145 3214 1239 3274 nobis
1262 3213 1330 3294 jure
1354 3227 1510 3295 perpetuo
1534 3227 1566 3274 et
1582 3213 1660 3274 irre·

391 3318 577 3378 vocabiliter
607 3317 791 3397 tenendam,
820 3318 1048 3400 possidendam
1079 3319 1197 3400 pariter
1228 3333 1259 3380 et
1289 3319 1472 3380 habendam
1502 3339 1539 3380 ac
1571 3320 1660 3380 iuxta

392 3422 616 3484 condicionem
640 3424 775 3485 civitatis
799 3437 965 3506 prenotate
985 3426 1025 3486 ab
1042 3425 1176 3506 antiquo
1193 3425 1431 3506 privilegialiter
1447 3427 1659 3507 approbatam

391 3548 598 3609 quocumque
632 3530 769 3591 voluerit
801 3529 1046 3611 disponendam.
1082 3531 1116 3591 ln
1148 3531 1237 3592 cuius
1269 3531 1313 3591 rei
1346 3531 1536 3592 memoriam
1560 3545 1659 3612 atque

391 3635 622 3712 testimonium,
642 3634 890 3716 firmitatemque
909 3649 1094 3716 perpetuam
1119 3649 1281 3718 presentes
1304 3636 1413 3717 sigillo
1437 3651 1546 3698 nostro
1569 3657 1658 3700 com-

390 3741 480 3800 muni
516 3741 690 3818 roboratas,
720 3741 825 3801 eidem
861 3741 1010 3802 duximus
1042 3741 1273 3803 concedendas.
1306 3742 1424 3804 Datum
1460 3741 1539 3804 feria
1570 3755 1659 3804 sexta

392 3845 536 3926 proxima
569 3858 641 3926 post
673 3845 790 3907 festum
816 3847 1017 3908 lnvencionis
1044 3860 1152 3909 sancte
1176 3848 1287 3910 crucis.
1312 3852 1409 3908 Anno
1434 3848 1559 3909 domini
1584 3849 1659 3909 mil-

391 3950 505 4010 lesimo
529 3951 787 4032 quingentesimo
813 3965 937 4013 octavo.

464 4071 600 4136 Originale
619 4071 645 4123 in
665 4074 858 4124 membranatl
877 4078 955 4138 tergo
976 4075 1134 4138 impressum
1154 4079 1194 4124 est
1213 4075 1331 4139 sigillum
1352 4077 1505 4126 communis.
1517 4073 1548 4126 ln
1558 4076 1659 4128 archiv.

391 4159 450 4211 inel.
468 4160 553 4210 Accad
583 4160 672 4212 Scient
702 4159 803 4212 Slavor.
824 4161 915 4212 merid.

999 4355 1060 4420 62.

495 4458 569 4508 huno
592 4459 667 4525 1508,
687 4461 728 4512 31.
748 4458 817 4511 maii.
840 4459 936 4510 Eudae.

400 4563 571 4632 Vladislaus,
597 4567 752 4638 Hungarr'e
774 4575 824 4626 etc.
849 4587 914 4642 rex,
939 4569 1138 4625 communitati
1157 4569 1285 4628 civitatis
1300 4573 1393 4647 jubet,
1419 4581 1454 4628 ut
1473 4571 1507 4628 de
1532 4571 1660 4628 M'colrto

393 4662 566 4736 Soldinarir‘,
590 4671 642 4741 qui
669 4673 806 4728 canonico
828 4673 1031 4730 arclridzacono
1046 4674 1166 4747 fimum
1185 4676 1268 4752 fecit,
1292 4677 1461 4752 exlegibus
1486 4681 1659 4735 sententiam

489 4773 581 4846 serat,
607 4779 802 4851 incumbutquc
824 4779 866 4834 ad
885 4799 919 4834 ea
942 4779 1094 4854 reddenda,
1118 4799 1193 4853 quac
1208 4782 1296 4856 sturlo
1318 4794 1387 4842 sunt
1407 4791 1550 4857 sumpta.

1077 4899 1236 4954 Commissio
1256 4905 1367 4968 propria
1385 4904 1484 4955 domiui
1504 4905 1586 4970 tegis.

498 4994 694 5058 Wladislaus
714 5000 765 5060 dei
788 5003 893 5081 gracia
918 5025 971 5065 rex
996 5006 1162 5087 Hungarie
1187 5023 1217 5070 et
1241 5009 1396 5071 Bohemie
1414 5023 1472 5072 etc.
1490 5010 1663 5074 Fidelibus

393 5098 519 5212 nostris,
544 5100 755 5178 prudentibus
779 5121 809 5166 et
833 5109 1070 5193 circumspectis
1094 5112 1191 5187 judici
1208 5128 1239 5175 et
1254 5115 1365 5195 juratis
1380 5116 1505 5177 civibus
1521 5117 1664 5180 civitatis
