3732 5802
384 503 441 566 162
791 503 866 570 Doc.
891 522 957 586 131.
980 542 1023 554 -
1047 509 1104 570 An.
1129 513 1218 584 r5ro.

380 735 517 798 ubilibet
540 735 721 798 constitutis
744 749 775 796 et
798 754 909 797 eorum
935 736 1067 798 cuilibet
1098 737 1130 796 in
1155 735 1306 814 solidum,
1330 755 1389 797 nec
1421 755 1488 798 non
1513 735 1560 798 illi
1594 735 1646 798 vel

379 841 442 904 illis
465 842 505 904 ad
530 859 627 924 quem
643 842 694 903 vel
710 841 750 904 ad
768 861 850 924 quos
866 854 1029 923 presentes
1045 857 1152 904 nostre
1171 843 1263 904 litere
1279 843 1493 924 pervenerint,
1509 843 1648 906 salutem

380 948 412 1008 in
436 948 570 1010 domino
594 962 625 1010 et
648 949 764 1009 nostris
787 947 973 1010 huiusmodi
999 947 1100 1010 immo
1116 948 1222 1010 verius
1245 948 1502 1013 reverendissimi
1522 949 1649 1011 domini

378 1054 475 1136 legati
510 1053 641 1116 firmiter
671 1054 804 1116 obedire
836 1055 1005 1116 mandatis.
1038 1055 1210 1133 Noveritis,
1243 1055 1330 1137 quod
1363 1055 1650 1117 reverendissimus

379 1160 531 1222 dominus
554 1160 700 1223 Thomas
723 1161 895 1222 cardinalis
918 1174 949 1222 et
973 1161 1096 1242 legatus
1119 1159 1260 1243 prelatus
1284 1161 1446 1242 quandam
1469 1162 1650 1224 commissi-

380 1267 455 1328 onis
477 1287 533 1329 seu
557 1267 807 1350 supplicacionis
829 1267 933 1350 papiri
965 1266 1113 1329 cedulam
1137 1267 1231 1329 nobis
1265 1287 1322 1350 per
1356 1287 1450 1329 suum
1485 1288 1650 1331 cursorem

379 1374 553 1456 presentari
577 1371 651 1435 lecit
668 1373 855 1436 huiusmodi
872 1375 931 1434 sub
949 1387 1077 1436 tenore:
1096 1373 1375 1436 Reverendissime
1392 1373 1542 1436 domine!
1568 1374 1649 1437 Orta

380 1480 503 1542 dudum
528 1493 559 1542 et
581 1480 731 1542 ventilata
757 1479 811 1542 lite
836 1493 867 1542 et
889 1500 984 1542 causa
1008 1500 1117 1542 coram
1141 1481 1379 1543 venerabilibus
1395 1481 1536 1543 dominis
1553 1501 1650 1544 cano·

379 1587 458 1649 nicia
475 1599 506 1649 et
523 1587 663 1670 capitulo
680 1586 811 1647 ecclesie
829 1586 1043 1668 zagrabiensis
1059 1587 1141 1647 inter
1158 1586 1311 1648 devotum
1329 1599 1490 1648 oratorem
1507 1601 1648 1650 vestrum

380 1693 598 1756 venerabilem
623 1692 794 1755 dominum
819 1691 1020 1754 Demetrium
1045 1693 1246 1774 prepositum
1274 1694 1406 1756 ecclesie
1430 1695 1523 1757 beate
1547 1694 1649 1756 Marie

381 1799 514 1881 virginis
540 1797 580 1861 de
605 1818 678 1861 area
703 1797 869 1880 capitulari
894 1799 1092 1880 zagrabiensi
1116 1812 1151 1860 ut
1174 1813 1315 1861 actorem
1339 1820 1378 1862 ex
1401 1820 1476 1880 una,
1500 1821 1559 1863 nec
1583 1821 1649 1863 non

380 1905 565 1968 Dionisium
589 1904 629 1966 de
654 1903 830 1966 Gwdowcz
864 1903 1022 1966 decanum
1058 1919 1098 1967 et.
1120 1906 1370 1987 prebendarium
1399 1907 1483 1969 dicte
1515 1907 1650 1970 ecclesie

379 2011 604 2093 zagrabiensis,
619 2023 786 2092 totamque
807 2011 1072 2073 communitatem
1087 2031 1144 2073 seu
1168 2012 1343 2094 collegium
1360 2013 1649 2095 prebendariorum

380 2117 525 2180 eiusdem
559 2117 692 2180 ecclesie
730 2117 829 2179 veluti
863 2117 895 2178 in
931 2137 1025 2179 causa
1057 2131 1216 2197 attractos,
1251 2117 1346 2181 dcet
1378 2138 1474 2201 super
1506 2119 1651 2200 quodam

380 2225 496 2287 balneo
519 2243 618 2308 penes
641 2222 776 2286 fluvium
801 2223 1055 2306 Medwednycza
1079 2238 1241 2304 vocatum,
1258 2245 1296 2287 er
1312 2226 1463 2308 opposito
1480 2226 1649 2288 cuiusdam

380 2329 558 2393 molendini
582 2331 623 2393 ad
647 2330 766 2393 dictatu
788 2330 957 2392 ecclesiam
990 2332 1081 2393 beate
1116 2331 1216 2394 Marie
1248 2331 1384 2414 virginis
1416 2333 1590 2415 spectantis
1620 2347 1651 2394 et

380 2437 577 2519 pertinentis,
602 2437 635 2500 in
659 2436 789 2520 dyocesi
812 2450 843 2498 et
859 2437 1014 2498 comitatu
1030 2437 1229 2518 zagrabiensi
1247 2437 1419 2517 existentis,
1436 2439 1650 2520 eiusdemque

379 2544 592 2626 possessione,
608 2545 752 2626 partibus
775 2543 815 2606 ab
839 2543 956 2620 altera;
974 2543 1051 2604 dicti
1075 2543 1199 2604 domini
1217 2543 1408 2626 capitulares
1423 2557 1455 2605 et
1471 2545 1650 2626 capitulum

381 2649 413 2711 in
438 2671 532 2713 causa
556 2649 743 2713 huiusmodi
782 2650 888 2712 taliter
918 2649 1057 2731 qualiter
1087 2649 1298 2732 procedentes
1321 2669 1411 2712 suam
1447 2651 1480 2712 in
1505 2649 1649 2713 favorem

380 2757 540 2820 dictorum
564 2757 678 2819 decani
702 2769 734 2818 et
757 2756 821 2818 litis
838 2769 1023 2817 consortum
1040 2775 1173 2817 suorum
1196 2756 1340 2818 tulerunt
1356 2769 1388 2818 et
1402 2757 1652 2840 promulgarunt

380 2864 575 2926 sentenciam
597 2861 801 2925 diffinitivam
825 2875 857 2924 et
879 2861 1157 2942 adiudicatoriam,
1184 2863 1290 2944 ipsum
1308 2876 1468 2925 oratorem
1492 2877 1525 2926 et
1550 2865 1651 2927 eccle·

379 2969 460 3031 siam
476 2989 567 3032 suam
582 2968 738 3051 prefatam
755 2968 891 3051 desuper
908 2988 973 3030 non
986 2987 1099 3050 parum
1114 2967 1396 3051 dampnificantem
1410 2983 1441 3030 et
1449 2984 1650 3051 gravantem,

380 3076 621 3158 aquaquidem
644 3075 806 3138 sentencia
830 3075 897 3157 ipse
931 3074 1113 3136 Demetrius
1145 3087 1252 3136 orator
1286 3075 1427 3137 sentiens
1450 3096 1483 3136 se
1507 3076 1651 3139 indebite

379 3195 547 3263 gravatum
562 3181 604 3243 ad
620 3181 881 3243 dominacionem
893 3180 1040 3243 Vestram
1056 3179 1366 3260 reverendissimam,
1383 3181 1518 3263 eiusque
1531 3182 1650 3248 almam

381 3287 502 3349 curiam
525 3287 700 3370 legacionis
723 3286 898 3369 appellavit
913 3299 945 3348 et
960 3285 1157 3369 provocavit.
1175 3286 1323 3348 Recurrit
1339 3287 1435 3368 igitur
1451 3287 1491 3348 ad
1513 3287 1651 3352 eandem

382 3391 644 3455 dominacionem
668 3393 814 3455 Vestram
839 3392 1140 3455 reverendissimam
1168 3391 1257 3454 idem
1282 3407 1391 3454 orator
1414 3393 1461 3455 illi
1485 3392 1652 3456 humiliter

381 3498 575 3582 supplicans,
604 3511 762 3580 quatenus
798 3499 948 3581 dignetur
979 3518 1107 3560 causam
1149 3511 1180 3560 et
1211 3518 1323 3561 causas
1354 3499 1589 3582 appellationis
1622 3513 1652 3562 et

380 3605 640 3687 appellacionum
663 3604 852 3667 huiusmodi
876 3604 1063 3687 simpliciter
1086 3604 1173 3668 adse
1189 3607 1357 3684 advocare,
1387 3606 1509 3687 illaque
1533 3619 1566 3669 et
1582 3607 1652 3669 illas

381 3730 521 3772 unacum
544 3723 613 3773 toto
647 3711 784 3791 negocio
815 3710 984 3794 principali
1018 3711 1114 3772 alicui
1150 3732 1188 3774 ex
1218 3711 1484 3773 reverendissime
1521 3726 1651 3794 paterne

384 3815 620 3878 dominacionis
644 3816 754 3878 Vestre
779 3817 865 3878 curie
898 3817 1073 3898 legacionis
1104 3815 1305 3878 auditoribus
1335 3837 1392 3879 seu
1424 3819 1652 3880 commissariis

381 3942 454 3984 cum
478 3922 630 3984 omnibus
653 3936 684 3984 et
705 3923 841 4004 singulis
864 3923 929 3984 suis
953 3922 1150 4001 incidenciis,
1181 3923 1499 4004 condescendenciis,
1520 3923 1652 3986 annexis

381 4041 412 4090 et
435 4028 587 4090 connexis
610 4027 816 4107 audiendam,
831 4029 1089 4110 cognoscendam
1105 4041 1136 4090 et
1152 4027 1376 4091 diffiniendam
1400 4049 1475 4092 cum
1492 4045 1651 4114 potestate

382 4133 484 4194 dictos
519 4132 703 4194 Dionisium
738 4148 769 4195 et
804 4133 868 4195 litis
903 4147 1066 4196 consortes
1084 4154 1178 4220 ¹suos
1213 4155 1251 4196 ex
1288 4134 1423 4197 adverso
1459 4137 1652 4219 principales

382 4238 511 4318 citandi,
536 4239 677 4322 ipsisque
700 4253 731 4301 et
755 4239 847 4301 dictis
873 4240 1013 4302 dominis
1044 4241 1273 4322 capitularibus
1306 4255 1337 4303 et
1367 4242 1511 4324 capitulo
1544 4263 1650 4324 zagra-

383 4344 485 4406 biensi
509 4344 688 4424 inhibendi,
723 4359 892 4427 ceteraque
919 4345 1068 4426 faciendi,
1101 4346 1271 4408 exercendi
1301 4360 1332 4408 et
1366 4348 1561 4429 exequendi,
1591 4368 1651 4430 que

383 4447 415 4508 in
439 4451 601 4530 premissis
633 4464 664 4512 et
688 4452 769 4514 circa
794 4472 830 4514 ea
865 4453 1041 4514 necessaria
1073 4451 1202 4531 luerint,
1234 4472 1291 4513 seu
1321 4453 1573 4534 quomodolibet
1597 4474 1651 4536 op·

382 4567 530 4634 portuna,
565 4558 737 4619 summarie
770 4559 871 4620 eciam
902 4559 1047 4620 terminis
1079 4578 1144 4620 non
1177 4559 1356 4621 observatis
1387 4561 1591 4624 committere
1623 4575 1651 4622 et

383 4659 535 4722 mandare
559 4661 736 4742 dignemini
761 4663 801 4725 de
824 4665 930 4745 gracia
954 4663 1095 4746 speciali,
1120 4665 1410 4726 constitucionibus
1429 4679 1461 4728 et
1493 4667 1652 4728 ordinaci-

384 4762 500 4824 onibus
523 4767 718 4847 apostolicis,
744 4770 920 4852 ceterisque
935 4769 967 4831 in
990 4769 1186 4832 contrarium
1211 4768 1404 4834 iacientibus
1428 4791 1495 4834 nou
1524 4773 1650 4834 obstan·

382 4866 467 4926 tibus
502 4871 757 4956 quibuscunque.
787 4875 994 4957 Quequidetn
1026 4877 1212 4939 commissio
1246 4877 1314 4939 sive
1338 4878 1538 4960 supplicacio
1563 4879 1650 4939 binas

384 4969 416 5030 in
440 4991 498 5033 suo
522 4974 584 5037 fine
602 4980 786 5041 continebat
804 4983 991 5062 signaturas,
1008 4983 1145 5065 primam
1163 4983 1284 5045 scilicet
1300 4984 1414 5046 talem:
1434 4984 1482 5045 De
1501 4985 1648 5047 mandato
