3808 5792
417 475 479 534 240
829 460 903 520 Doc.
927 472 997 534 191.
1021 491 1064 502 -
1086 460 1144 518 An.
1168 471 1257 537 1524.

415 699 535 748 certum
562 699 592 747 et
617 688 747 748 brevem
779 687 952 748 terminum
989 687 1132 768 partibus
1167 687 1243 768 ipsis
1279 707 1337 770 per
1365 707 1421 750 vos
1456 688 1677 770 prefigendum

415 811 522 854 coram
546 793 638 854 vobis
661 805 692 854 et
715 793 809 854 vestri
834 793 866 853 in
883 793 1082 875 presenciam
1099 795 1249 872 evocatis,
1266 794 1517 876 examinatisque
1535 794 1677 876 parcium

414 897 548 978 juribus,
571 898 596 958 si
621 899 827 981 prescriptam
851 899 1081 979 exequutionis
1112 899 1227 960 seriem
1261 898 1403 961 indebite
1435 899 1675 963 interturbatam

415 1003 511 1065 fuisse
546 1004 752 1085 agnoveritis,
776 1024 884 1066 rursus
917 1005 1045 1066 easdem
1081 1005 1299 1086 possessiones
1334 1005 1410 1088 ipsis
1444 1007 1677 1088 exponentibus

414 1111 543 1172 restatui
568 1123 599 1172 et
623 1110 754 1172 eosdem
779 1111 811 1172 in
836 1111 1019 1172 dominium
1054 1110 1232 1172 earundem
1263 1111 1467 1174 introducere
1500 1131 1536 1173 ac
1568 1125 1677 1173 contra

414 1216 517 1278 dictos
552 1215 751 1298 Stephanum
786 1216 933 1300 Deshazy
970 1236 1006 1280 ac
1041 1216 1206 1288 dominam
1257 1217 1492 1298 Margaretham
1522 1217 1676 1295 relictam,

413 1342 540 1384 socrum
565 1335 596 1383 et
619 1325 747 1384 Annam
772 1335 953 1384 consortem
984 1321 1131 1384 eiusdem
1153 1335 1185 1384 et
1207 1323 1288 1384 alios
1320 1323 1451 1404 quosvis
1478 1321 1676 1404 illegittimos

413 1430 602 1506 turbatores,
616 1427 648 1488 in
673 1429 794 1490 eisdem
818 1428 900 1490 tueri
925 1442 956 1492 et
979 1426 1153 1491 defendere
1177 1428 1282 1490 modis
1305 1429 1457 1490 omnibus
1480 1428 1622 1491 debeatis
1645 1441 1675 1489 et

413 1533 587 1596 teneamini
612 1534 799 1596 auctoritate
823 1548 931 1596 nostra
955 1534 1047 1595 vobis
1079 1536 1280 1616 presentibus
1311 1533 1461 1615 attributa
1492 1548 1524 1596 et
1554 1534 1676 1616 justicia

413 1640 585 1703 mediante.
611 1640 709 1702 Secus
732 1661 798 1703 non
822 1640 945 1704 facturi.
972 1641 1175 1704 Presentibus
1210 1640 1369 1723 perlectis,
1394 1641 1556 1703 exhibenti
1587 1641 1674 1702 resti·

411 1747 496 1808 tutis.
521 1747 639 1808 Datum
666 1747 795 1810 Posonii
821 1745 898 1809 leria
922 1762 1034 1829 quarta
1058 1747 1224 1810 Cinctum.
1241 1753 1337 1810 Anno
1362 1747 1486 1810 domiai
1503 1747 1675 1808 millesimo

411 1853 672 1934 quingentesimo
696 1853 853 1934 vigesimo
877 1868 1002 1935 quarte.

516 1993 653 2058 originale
673 1994 698 2044 in
719 1994 816 2045 charta.
837 1992 865 2045 ln
885 1994 1002 2059 margine
1017 1993 1136 2046 interiori
1157 1993 1315 2057 impressum
1335 1999 1376 2045 est
1396 1993 1520 2058 sigillum.
1535 1996 1562 2044 ln
1577 1994 1675 2044 archiv.

411 2084 483 2134 inclit
513 2085 609 2135 hccad.
630 2083 722 2133 scient.
744 2081 846 2134 Slavnr.
867 2083 958 2134 merid.

1005 2364 1080 2430 191.

517 2523 590 2573 1524.
611 2523 652 2572 26.
673 2521 805 2572 februarii.
826 2517 982 2584 Zagrabiae.

409 2651 542 2709 Miclrnel
571 2650 606 2706 de
628 2629 791 2723 Scrtnrjeoo
816 2648 914 2724 Jiidex
948 2649 1084 2707 nobilium
1118 2668 1213 2707 coram
1236 2649 1379 2726 Jolronne
1407 2651 1556 2725 Torquato
1587 2653 1670 2723 bano,

406 2757 588 2814 statutionem
612 2755 797 2816 nossessionis
821 2753 980 2811 Petrooina
1004 2755 1121 2814 claritati
1140 2757 1244 2814 montis
1273 2754 1433 2830 Grecensis,
1451 2758 1513 2830 ipso
1537 2759 1670 2816 insciente

828 2859 954 2933 factam,
979 2861 1095 2918 irritam
1117 2862 1257 2922 declarat.

510 3002 577 3064 Nos
602 3001 764 3063 lohannes
789 3000 986 3081 Torquatus,
1010 3021 1119 3066 comes
1152 3001 1315 3065 Corbauie
1338 3021 1374 3063 ac
1399 3021 1572 3083 regnorum
1596 3003 1671 3066 Dal-

407 3109 519 3187 macie,
545 3107 681 3170 Croacie
706 3121 736 3169 et
761 3106 933 3169 Sclauonie
957 3108 1069 3170 banus.
1103 3109 1258 3171 Memorie
1293 3107 1569 3188 commendamus,
1594 3129 1673 3190 quo·

407 3215 506 3277 modo
530 3213 677 3295 egregius
694 3211 831 3274 Michael
848 3212 888 3275 de
907 3212 1085 3294 Schytario,
1102 3214 1181 3276 alias
1198 3214 1293 3276 iudex
1317 3213 1478 3274 nobilium
1503 3215 1672 3278 comitatus

407 3321 633 3402 zagrabiensis,
658 3339 766 3380 coram
787 3319 881 3380 nobis
906 3321 1116 3401 personaliter
1140 3320 1341 3396 constitutus,
1373 3317 1538 3382 confessus
1562 3335 1608 3382 est
1631 3341 1669 3382 eo

407 3427 522 3488 modo:
547 3425 635 3506 quod
661 3438 757 3506 prout
782 3425 872 3486 idem
889 3425 1091 3506 percepisset,
1109 3426 1226 3487 nobilis
1251 3423 1387 3486 Michael
1416 3423 1671 3508 Gwrgeltowych

406 3535 606 3613 vicesgerens
641 3550 726 3608 suus,
751 3531 890 3593 nescitur
923 3551 987 3612 qua
1014 3531 1141 3592 racione
1167 3529 1276 3609 fretus,
1300 3529 1464 3613 quandam
1489 3528 1672 3609 sessionem,

407 3638 543 3708 qualiter
567 3636 717 3698 videlicet
742 3635 773 3696 in
797 3637 990 3698 execucione
1015 3635 1182 3700 cuiusdam
1213 3635 1401 3700 statutionis
1425 3635 1457 3696 in
1492 3634 1576 3697 facto
1602 3656 1671 3718 pos·

406 3743 556 3805 sessionis
585 3740 797 3823 Pethrowyna
822 3741 854 3802 in
892 3741 1037 3822 predicto
1073 3742 1226 3804 comitatu
1262 3741 1461 3822 zagrabiensi
1497 3742 1670 3819 existentis,

406 3851 524 3928 habite,
549 3869 607 3930 pro
632 3861 719 3929 parte
745 3848 862 3908 civium
888 3847 1023 3908 civitatis
1056 3847 1335 3930 Montisgrecensis
1361 3845 1452 3925 facta,
1477 3866 1551 3907 cum
1584 3847 1671 3928 regio

377 4021 379 4025 ,
405 3971 435 4016 et
459 3954 589 4036 capituli
614 3953 829 4034 zagrabiensis
853 3953 1039 4014 hominibus
1062 3952 1266 4031 ambulasset,
1295 3966 1399 4035 preter
1421 3952 1536 4014 scitum
1561 3967 1593 4014 et
1617 3973 1670 4014 vo-

405 4061 560 4121 luntatem
585 4059 660 4120 dicti
680 4059 844 4120 Michaelis
868 4059 908 4118 de
919 4058 1097 4140 Schytario,
1108 4058 1231 4119 domini
1246 4057 1422 4119 scilicetsui
1432 4076 1540 4118 coram
1554 4057 1669 4120 eodem

405 4166 546 4249 capitulo
572 4165 706 4242 lecisset,
731 4183 804 4225 cum
827 4177 934 4226 tamen
959 4163 1143 4224 huiusmodi
1169 4163 1369 4226 execucionis
1393 4161 1487 4223 fassio
1518 4181 1583 4223 non
1617 4183 1671 4245 per

404 4272 562 4355 prefatum
589 4271 777 4332 Michaelem
802 4269 1058 4352 Gwrgekowych
1083 4270 1168 4331 vices
1190 4281 1364 4350 gerentem,
1382 4268 1436 4328 sed
1462 4268 1669 4348 personaliter

405 4380 587 4460 peripsum
615 4375 804 4436 Michaelem
829 4375 868 4436 de
907 4375 1074 4458 Schytario
1112 4375 1251 4436 iudicem
1283 4374 1442 4436 nobilium
1475 4373 1518 4434 ita
1553 4385 1668 4450 tamen,

403 4485 429 4544 si
454 4483 530 4564 quid
555 4482 594 4543 ad
620 4481 759 4544 eundem
784 4482 816 4542 in
841 4501 877 4542 ea
901 4501 934 4542 re
958 4480 1161 4562 pertinuisset
1183 4499 1290 4542 coram
1324 4479 1409 4541 dicto
1434 4478 1576 4560 capitulo
1601 4478 1666 4540 fieri

405 4589 574 4651 debuisset.
600 4589 640 4650 Et
664 4588 739 4669 quia
763 4586 903 4670 prefatus
928 4585 1064 4648 Michael
1089 4587 1128 4648 de
1146 4586 1313 4669 Schytario
1336 4585 1377 4646 ad
1394 4604 1465 4648 eam
1482 4583 1666 4646 huiusmodi

404 4695 629 4756 execucionem
653 4715 689 4755 ac
713 4692 885 4756 laesionem
908 4693 1023 4754 exinde
1036 4690 1175 4754 fiendam
1199 4691 1332 4758 minime
1350 4691 1573 4768 consensisset,
1590 4689 1663 4751 ideo

407 4799 502 4860 fassio
527 4801 603 4862 dicti
642 4801 807 4862 Michaelis
842 4799 1068 4880 vicesgerentis
1097 4798 1146 4860 sui
1182 4799 1213 4859 in
1238 4817 1275 4860 ea
1298 4817 1332 4858 re
1360 4795 1441 4858 lacta
1474 4796 1596 4858 nullius
1623 4795 1666 4855 vi·

406 4904 491 4984 goris
515 4905 678 4982 existeret;
703 4905 788 4966 unde
811 4901 952 4986 prefatus
976 4902 1114 4966 Michael
1136 4891 1176 4964 de
1194 4901 1370 4984 Schyatrio,
1387 4899 1482 4962 iudex
1499 4901 1667 4974 nobilium,
