3732 5802
431 531 471 613 98
864 533 938 590 Dot.
962 543 1014 605 91.
1039 563 1081 572 -
1105 531 1160 590 An.
1181 541 1270 604 1511.

430 759 521 822 Bude
545 757 624 821 feria
647 757 786 820 secunda
808 759 954 841 proxima
977 772 1051 842 post
1073 757 1189 820 festum
1213 757 1408 819 ascensionis
1433 755 1576 818 Domini.
1598 758 1695 818 Anno

429 865 574 928 eiusdem
598 865 771 928 millesimo
796 865 1055 948 quingentesimo
1080 863 1263 927 undecim0.

863 1007 995 1068 Relacio
1019 1004 1186 1067 reverendi
1210 1004 1335 1066 domini
1360 1001 1528 1066 Michaelis
1552 1003 1694 1086 episcopi

909 1094 1092 1174 bonnensis,
1115 1092 1275 1154 secretarii
1299 1092 1385 1174 regie
1411 1093 1596 1154 Maiestatis.

535 1233 672 1300 Originale
692 1235 718 1286 in
737 1235 872 1300 charta,iu
890 1235 1009 1301 margine
1028 1235 1146 1288 interiori
1167 1237 1324 1300 impressum
1344 1239 1385 1285 est
1404 1234 1531 1299 sigillam.
1549 1233 1577 1284 ln
1597 1233 1694 1285 archis.

428 1337 486 1374 ven.
507 1323 593 1388 Capit.
612 1323 719 1388 zagrab.
737 1323 794 1376 det.
814 1337 871 1388 cap.
890 1327 942 1375 ant.
962 1324 1026 1375 fasc.
1049 1325 1088 1374 10.
1108 1337 1146 1374 nr.
1165 1324 1208 1376 il.

1055 1627 1113 1692 91.

532 1768 607 1820 Anno
629 1767 704 1833 1511,
725 1769 751 1820 2.
767 1767 842 1833 junii.
861 1766 960 1819 Badae.

437 1894 611 1964 Vladislrms,
636 1896 812 1968 Hungariae
843 1902 892 1954 etc.
921 1913 984 1964 rex,
1011 1894 1133 1952 mandat
1163 1893 1291 1950 ammius
1322 1892 1463 1950 nobilibus
1492 1899 1521 1948 et
1545 1891 1696 1966 cujuslibet

427 2009 520 2059 status
550 1997 711 2060 mnibus
741 2001 889 2059 comitatus
916 2001 1065 2070 crisima,
1090 2001 1288 2059 oarasdicnsr‘s
1317 2007 1346 2056 et
1373 1998 1581 2072 zagrubimsts,
1607 2005 1641 2053 ut
1663 1997 1693 2053 in

427 2125 527 2182 causa,
555 2125 629 2181 quae
658 2109 734 2166 inter
763 2109 922 2181 capr'tulum
954 2114 983 2164 et
1011 2109 1236 2164 communitatem
1266 2105 1393 2163 ciuitatis
1422 2105 1525 2177 agitem
1554 2103 1589 2159 dc
1612 2103 1693 2179 soro,

637 2231 724 2287 quam
746 2214 872 2270 maxime
893 2211 936 2269 ad
955 2213 1103 2272 veritatem
1126 2211 1306 2270 accomodate
1328 2215 1472 2268 testentur.

1116 2347 1276 2400 Commssio
1294 2345 1405 2411 propria
1424 2345 1522 2396 domini
1542 2345 1625 2411 regis.

530 2473 730 2536 Wladislaus
753 2473 804 2534 dei
826 2473 932 2555 gracia
956 2492 1010 2534 rex
1035 2472 1201 2554 Hungarie
1225 2484 1256 2532 et
1275 2471 1431 2532 Bohemie
1452 2483 1510 2532 etc.
1529 2469 1694 2532 Fidelibus

428 2581 542 2641 nostris
573 2580 730 2642 universis
761 2591 792 2640 et
819 2579 954 2660 singulis
978 2578 1142 2640 nobilibus
1166 2590 1196 2639 et
1219 2577 1350 2638 alterius
1374 2577 1514 2637 cuiusvis
1538 2589 1642 2638 status
1664 2589 1693 2637 et

427 2686 627 2747 condicionis
653 2685 840 2747 hominibus
864 2684 1032 2764 crisiensis,
1056 2683 1279 2745 warasdiensis
1303 2697 1334 2745 et
1355 2682 1572 2765 zagrabiensis
1597 2682 1693 2744 corni·

427 2805 562 2870 tatuum,
588 2791 724 2853 ubilibet
756 2791 935 2852 constitutis
965 2803 996 2851 et
1019 2789 1303 2867 commorantibus,
1327 2789 1463 2850 salutem
1488 2801 1519 2849 et
1542 2789 1694 2869 graciam.

428 2897 507 2959 Orte
530 2910 603 2959 aunt
628 2911 711 2958 certe
735 2897 806 2958 lites
829 2910 860 2958 et
883 2895 1065 2958 differencie
1086 2909 1117 2957 et
1137 2895 1251 2956 exinde
1273 2895 1381 2977 plures
1402 2895 1505 2956 eciam
1527 2893 1644 2974 injurie
1665 2907 1694 2956 et

427 3003 643 3086 dampnorum
667 3002 832 3064 illaciones
855 3003 1024 3064 subsecuta
1049 3002 1130 3062 inter
1154 2999 1343 3063 honorabile
1368 2999 1544 3082 capitulum
1562 2999 1694 3061 ecclesie

427 3109 641 3190 zagrabiensis
671 3121 702 3169 et
733 3107 817 3169 cives
850 3107 986 3169 civitatis
1008 3119 1115 3168 nostre
1139 3107 1259 3168 montis
1284 3105 1452 3168 Grecensis
1475 3105 1606 3167 racione
1629 3125 1694 3168 cer·

426 3228 532 3276 torum
565 3213 774 3295 negociorum
804 3225 836 3274 et
865 3214 1030 3294 presertim
1063 3227 1209 3295 pretextu
1240 3211 1407 3274 cuiusdam
1438 3209 1510 3290 lori,
1542 3199 1634 3293 quod
1663 3211 1693 3272 in

426 3319 551 3380 theatro
582 3319 712 3401 capituli
746 3319 845 3401 ipsius
868 3319 1084 3400 zagrabiensis
1107 3320 1147 3381 ab
1170 3319 1305 3400 antiquo
1328 3317 1482 3380 celebrari
1504 3331 1694 3379 consuetum

426 3423 522 3486 fuisse
555 3425 680 3486 dicitur.
716 3424 788 3497 Que
825 3425 934 3486 omnia
969 3444 1028 3486 nos
1060 3425 1142 3486 inter
1173 3437 1278 3507 partes
1308 3424 1453 3485 volentes
1487 3423 1633 3484 revidere
1665 3435 1695 3483 et

426 3530 577 3592 omnibus
600 3529 785 3591 huiusmodi
811 3531 1075 3592 contencionibus
1098 3543 1129 3592 et
1153 3529 1377 3592 controversiis
1400 3528 1497 3590 finem
1523 3529 1694 3590 indilatam

425 3637 603 3718 imponere,
630 3636 798 3698 statuimus
833 3635 873 3698 de
906 3635 967 3697 hiis
998 3656 1095 3717 quam
1127 3637 1267 3718 primum
1298 3655 1355 3718 per
1387 3634 1516 3696 fidelem
1549 3649 1694 3697 nostrum

427 3743 590 3823 egregium
619 3743 807 3822 magistrum
832 3741 1036 3804 Franciscum
1069 3742 1109 3803 de
1144 3741 1294 3804 Marocha
1326 3725 1505 3823 personalis
1528 3741 1695 3822 presencie

426 3861 532 3910 nostre
561 3847 712 3927 et'rcgni
745 3847 832 3908 illius
862 3847 961 3908 nostri
994 3847 1166 3910 Sclauonie
1195 3847 1475 3930 prothonotarium
1498 3859 1530 3907 et
1553 3845 1694 3927 judicem

425 3954 585 4015 nobilium
608 3952 764 4014 crisiensis
785 3966 815 4013 et
836 3953 1058 4014 warasdiensis
1078 3955 1289 4016 comitatuum
1306 3965 1392 4014 certo
1409 3952 1531 4014 cercius
1547 3951 1694 4028 edoceri;

425 4071 456 4120 et
487 4079 560 4120 curn
592 4058 764 4139 negocium
797 4070 827 4119 et
857 4077 906 4118 res
938 4059 1123 4121 huiuamodi
1155 4060 1248 4121 vobis
1280 4074 1314 4120 et
1342 4058 1519 4139 unicuique
1551 4071 1694 4120 vestrum

425 4178 569 4227 constare
594 4165 718 4225 dicatur
741 4163 915 4241 evidenter,
939 4163 1085 4226 fidelitati
1110 4165 1206 4246 igitur
1229 4178 1331 4226 vestre
1354 4177 1385 4226 et
1402 4177 1544 4226 vestrum
1561 4165 1696 4226 cuilibet

425 4269 537 4330 harum
570 4271 650 4331 serie
681 4269 861 4330 firmissime
895 4269 1126 4331 committimus
1157 4283 1188 4332 et
1211 4269 1414 4348 mandamus,
1438 4270 1592 4350 quatinus
1616 4269 1695 4330 dum

426 4387 456 4435 et
479 4395 577 4455 quam
609 4375 749 4457 primum
774 4393 847 4436 cum
879 4375 1079 4455 presentibus
1103 4395 1160 4457 per
1183 4376 1322 4437 eundem
1347 4375 1536 4456 magistrum
1561 4375 1694 4458 protho-

425 4481 585 4542 notarium
609 4481 659 4542 vel
681 4480 803 4561 judices
826 4480 985 4542 nobilium
1010 4493 1065 4542 aut
1089 4500 1201 4543 eorum
1226 4482 1362 4543 alterum
1391 4501 1464 4542 curn
1492 4481 1696 4563 presentibus

425 4581 547 4644 fueritis
579 4587 733 4666 requisiti,
758 4586 808 4647 vel
839 4586 919 4648 alter
949 4600 1090 4649 vestrum
1122 4588 1294 4669 requisitus
1317 4586 1424 4667 fuerit,
1449 4587 1538 4649 illico
1563 4587 1597 4648 in
1622 4606 1694 4669 pre·

425 4689 564 4749 senciam
587 4690 686 4771 ipsius
702 4691 843 4771 magistri
861 4691 1019 4753 Francisci
1037 4693 1270 4774 prothonotarii
1288 4693 1329 4755 ad
1345 4694 1454 4755 locum
1471 4706 1502 4754 et
1517 4693 1695 4754 terminum

426 4793 517 4852 vobis
552 4815 607 4875 per
641 4797 780 4857 eundern
811 4795 1034 4878 prefigendum
1066 4800 1277 4880 personaliter
1308 4799 1460 4860 accedere
1496 4811 1527 4859 et
1560 4798 1695 4860 insimul

426 4899 606 4977 convenire,
617 4914 712 4981 atque
730 4903 849 4963 ibidem
867 4904 908 4964 ad
924 4903 1021 4964 fidem
1038 4919 1175 4966 vestram
1193 4904 1255 4967 deo
1271 4905 1424 4984 debitam,
1438 4904 1697 4986 fidelitatemque

426 5003 518 5062 nobis
550 5018 580 5065 ct
610 5025 695 5067 sacre
727 5029 844 5070 corone
875 5023 982 5071 nostre
1011 5010 1256 5090 observandam,
1280 5024 1365 5073 tacto
1397 5011 1561 5072 dominice
1592 5013 1698 5072 crucis
