3732 5802
430 575 488 656 136
849 577 923 635 Doc.
949 591 1012 652 115.
1036 611 1079 622 -
1103 578 1157 639 Aa.
1181 589 1267 654 1515.

425 802 591 884 refrigerio
622 824 678 866 sue
709 819 741 867 et
771 805 1032 888 predecessorum
1066 819 1234 890 parentum
1267 825 1398 868 suorum
1430 808 1623 887 animarum,
1651 808 1692 869 ad

426 909 555 972 laudern
587 925 618 972 et
648 913 875 994 sempiternam
907 913 1043 995 gloriam
1075 925 1182 975 sancte
1207 913 1385 991 Trinitatis,
1410 913 1622 995 eiusdemque
1645 915 1693 976 in·

426 1015 592 1078 didividue
628 1019 756 1080 unitatis
792 1021 823 1081 in
857 1033 1043 1102 perpetuam
1076 1019 1286 1082 elemosinam
1318 1019 1466 1098 dedisset,
1498 1019 1693 1098 tradidisset,

394 1139 399 1149 ’
426 1123 618 1204 ascripsisset
649 1137 680 1186 et
708 1138 935 1207 perpetuasset,
965 1125 1065 1186 immo
1097 1125 1195 1203 dedit,
1219 1124 1360 1204 tradidit,
1384 1126 1528 1207 ascripsit
1559 1140 1591 1188 et
1621 1145 1693 1208 per-

426 1229 570 1311 petuavit
608 1249 715 1292 coram
754 1232 848 1293 nobis
882 1231 950 1312 jure
986 1245 1141 1314 perpetuo
1175 1244 1206 1292 et
1241 1231 1490 1294 irrevocabiliter
1525 1229 1693 1308 tenendas,

427 1335 636 1416 possidendas
652 1338 769 1418 pariter
785 1351 816 1400 et
831 1337 1004 1416 habendas,
1022 1338 1067 1399 nil
1084 1337 1171 1418 juris,
1188 1336 1273 1398 nilve
1290 1336 1492 1418 proprietatis
1508 1349 1539 1396 et
1557 1336 1694 1398 dominii

427 1441 487 1502 sibi
508 1441 567 1522 ipsi
589 1455 643 1503 aut
661 1444 826 1524 quibusvis
842 1445 914 1506 aliis
929 1443 1115 1505 bominibus
1132 1443 1164 1504 in
1181 1442 1301 1502 eisdem
1318 1441 1469 1503 totalibus
1485 1442 1696 1524 porcionibus

427 1548 683 1628 possessionariis
707 1569 763 1632 per
788 1551 926 1632 amplius
948 1548 1151 1627 reservando,
1171 1547 1226 1609 sed
1249 1560 1353 1609 totum
1377 1546 1425 1628 jus
1449 1561 1480 1608 et
1500 1546 1694 1626 dominium,

428 1671 625 1735 omnemque
655 1654 733 1736 juris
765 1668 795 1717 et
826 1655 962 1716 dominii
992 1655 1229 1737 proprietatem,
1253 1673 1349 1734 quam
1383 1665 1413 1713 et
1444 1653 1533 1734 quod
1562 1654 1595 1714 in
1620 1654 1695 1735 ipsis

428 1757 581 1820 hactenus
604 1759 766 1822 habuisset
790 1774 843 1821 aut
867 1759 982 1822 habere
1009 1773 1149 1842 speraret
1172 1759 1407 1842 quoquomodo
1431 1759 1463 1820 in
1485 1757 1643 1838 laturum,
1663 1760 1694 1820 in

428 1875 601 1945 pretactam
634 1885 720 1926 aram
752 1880 858 1928 sancte
892 1879 922 1927 et
954 1865 1119 1927 individue
1151 1864 1319 1926 Trinitatis
1351 1879 1381 1926 et
1412 1885 1469 1946 per
1493 1885 1695 1946 consequens

429 1968 588 2052 prefatum
622 1971 791 2033 dominum
825 1970 1000 2053 Georgium
1038 1971 1248 2053 presbiterum
1285 1970 1477 2032 modernum
1509 1984 1541 2032 et
1573 1969 1695 2031 futuros

430 2075 591 2156 quoslibet
614 2089 751 2139 rectores
771 2077 914 2139 eiusdem
932 2097 990 2160 pro
1005 2090 1150 2158 tempore
1166 2076 1355 2138 constitutos
1370 2076 1583 2138 transtulisset
1599 2077 1694 2158 pleno

430 2179 509 2262 jure,
526 2201 562 2242 ea
579 2181 651 2262 lege
667 2193 698 2243 et
714 2183 903 2245 condicione
920 2181 1093 2260 mediante,
1110 2181 1197 2262 quod
1213 2179 1352 2262 prefatus
1368 2181 1519 2242 dominus
1536 2181 1696 2264 Georgius

430 2286 594 2368 presbiter,
619 2287 792 2349 modernus
821 2301 923 2350 rector
955 2301 986 2349 et
1016 2286 1070 2348 alii
1095 2285 1191 2348 laturi
1215 2269 1575 2349 successoresrectores
1599 2289 1695 2370 ipsius

431 2411 484 2454 are
505 2392 560 2470 sic,
581 2407 615 2454 ut
639 2392 805 2476 prefertur,
829 2413 887 2475 pro
911 2409 1055 2475 tempore
1079 2393 1253 2471 constituti,
1270 2411 1329 2475 pro
1349 2405 1435 2454 tanta
1455 2393 1556 2474 ipsius
1573 2393 1694 2454 domini

432 2497 598 2559 Michaelis
633 2498 835 2580 prebendarii
872 2498 1070 2561 liberalitatis
1105 2496 1329 2576 beneficencia,
1362 2497 1507 2559 subsidio
1540 2512 1571 2559 et
1604 2499 1694 2561 laude

432 2603 527 2684 digna
552 2605 747 2686 provisione,
768 2625 826 2668 nec
851 2625 915 2666 non
940 2605 1067 2688 pietate,
1088 2604 1230 2666 bonitate
1255 2617 1287 2672 et
1309 2616 1462 2686 perpetua
1487 2605 1693 2686 benignitate,

432 2709 532 2771 modo
556 2729 622 2792 quo
645 2710 864 2793 supradactis,
885 2711 964 2772 duas
988 2711 1109 2788 missas,
1131 2728 1228 2771 unam
1252 2709 1372 2772 scilicet
1395 2710 1447 2771 die
1471 2709 1641 2771 dominico
1660 2710 1694 2770 de

432 2828 539 2877 sancta
571 2829 602 2877 et
633 2816 798 2878 individua
830 2817 989 2879 Trinitate
1021 2828 1052 2877 et
1082 2814 1159 2877 feria
1191 2815 1302 2896 quinta
1335 2814 1374 2876 de
1407 2833 1542 2897 corpore
1568 2815 1694 2892 Christi,

433 2921 497 3002 jam
528 2922 606 2983 alias
637 2923 678 2983 ad
709 2922 928 3004 peragendum
961 2935 992 2982 et
1013 2921 1293 2982 solemnizandum
1319 2921 1350 2982 in
1375 2920 1514 3001 legendo
1541 2921 1695 2982 institutas

433 3028 554 3088 cunctis
578 3027 767 3090 ebdomadis
790 3041 821 3089 et
845 3028 1006 3110 perpetuis
1030 3025 1144 3088 futuris
1170 3026 1369 3108 temporibus
1392 3027 1425 3087 in
1447 3046 1501 3087 ara
1525 3027 1694 3108 prescripta

433 3133 465 3194 in
498 3146 528 3194 et
559 3153 632 3195 cum
665 3147 759 3195 cantu
790 3153 863 3194 cum
897 3133 1101 3216 oracionibus
1132 3132 1247 3194 exinde
1271 3132 1432 3210 institutis,
1457 3133 1645 3215 compositis
1667 3145 1696 3193 et

434 3240 604 3321 deputatis,
629 3259 686 3300 nec
711 3259 776 3302 non
800 3239 951 3318 articulis,
975 3239 1111 3322 punctis,
1136 3238 1287 3300 clausulis
1312 3252 1344 3299 et
1366 3238 1591 3319 legacionibus
1615 3239 1694 3300 iuxta

435 3346 676 3408 ordinacionem
699 3346 777 3408 alias
800 3365 856 3428 per
879 3365 938 3407 nos
958 3346 1066 3428 previa
1083 3347 1210 3406 racione
1227 3343 1317 3406 factis
1332 3364 1495 3427 peragere,
1512 3346 1695 3406 continuare

435 3465 465 3514 et
490 3452 700 3514 solemnizare
725 3452 866 3530 dedebit,
888 3453 1048 3514 tenebitur
1071 3465 1101 3512 et
1124 3450 1183 3512 erit
1204 3450 1365 3532 obligatus
1385 3469 1423 3510 eo
1445 3448 1541 3512 facto.
1559 3451 1592 3510 ln
1609 3450 1696 3510 cuius

435 3558 479 3619 rei
505 3558 693 3620 memoriam
719 3572 750 3619 et
773 3559 992 3620 testimonium
1014 3556 1261 3637 firmitatemque
1286 3569 1473 3638 perpetuam
1499 3556 1696 3638 presentibus

435 3664 576 3746 sigillum
608 3677 752 3726 nostrum
787 3665 983 3727 autenticum
1015 3663 1164 3725 duximus
1191 3662 1452 3745 appendendum.
1477 3661 1596 3723 Datum
1620 3660 1697 3722 feria

435 3771 532 3833 tercia
563 3772 595 3832 in
629 3769 709 3832 lesto
742 3771 891 3833 videlicet
914 3769 997 3834 beati
1022 3771 1130 3832 Brictii
1160 3771 1301 3852 episcopi
1325 3781 1355 3831 et
1379 3768 1580 3831 confessoris.
1603 3771 1697 3828 Anno

437 3877 561 3939 domini
586 3877 758 3939 millesimo
782 3879 1040 3960 quingentesimo
1066 3876 1320 3957 quintodecimo

544 3999 679 4066 Originale
705 3999 731 4052 in
754 4003 913 4064 membrana,
933 4016 948 4052 a
967 4015 1031 4056 zora
1049 3999 1153 4050 sericea
1172 4000 1305 4063 appendet
1324 3997 1449 4063 sigillum.
1473 3996 1502 4048 ln
1522 3997 1616 4048 archiv.
1637 4008 1695 4044 ven.

437 4089 516 4155 capit.
537 4090 718 4154 zagrab.1lct.
739 4089 802 4154 Cap.
823 4094 874 4141 ant.
895 4090 958 4141 lase.
979 4090 1018 4141 79.
1040 4103 1077 4140 nr.
1099 4087 1138 4139 ts.

962 4439 963 4444 ,
1032 4370 1107 4436 115.

543 4514 617 4564 Anno
639 4511 713 4576 1515,
734 4511 773 4563 15.
793 4511 953 4564 novembris.
973 4509 1120 4576 Zagrablae

421 4601 423 4604 Ι
439 4624 561 4693 Paulus,
577 4619 718 4681 librorum
734 4624 842 4694 ligator
860 4629 888 4679 et
908 4621 1054 4679 Elisabeth
1074 4623 1136 4696 ejus
1153 4639 1240 4690 uxor,
1255 4619 1368 4676 domum
1383 4638 1467 4676 suam
1483 4620 1514 4675 in
1533 4617 1698 4691 Opotoot'na

554 4731 639 4785 sitam
658 4747 756 4786 coram
780 4729 904 4801 capetulo
926 4728 999 4784 dono
1021 4727 1094 4785 dant
1114 4729 1144 4783 in
1168 4745 1251 4784 usum
1273 4727 1380 4783 altar-is
1401 4745 1424 4787 s.
1447 4725 1581 4782 Emerici.

546 4849 733 4930 Capitulum
770 4849 901 4911 ecclesie
937 4849 1161 4929 zagrabiensis.
1200 4846 1362 4909 Omnibus
1397 4845 1518 4908 Christi
1552 4843 1702 4906 fidelibus

441 4955 639 5035 presentibus
674 4967 705 5014 et
739 4953 853 5015 futuris
888 4952 1088 5031 presencium
1123 4953 1275 5015 noticiam
1311 4951 1467 5014 habituris
1502 4951 1636 5012 salutem
1669 4949 1701 5008 in

441 5060 587 5122 omnium
611 5060 778 5122 salvatore.
801 5061 852 5120 Ad
869 5061 1089 5124 universorum
1107 5074 1171 5122 tam
1187 5059 1388 5143 presencium
1406 5077 1505 5140 quam
1521 5055 1700 5118 futurorum
