3732 5802
641 567 868 642 Doc.115.-
892 567 949 628 An.
974 576 1061 641 1515.
1422 585 1479 647 ¹37

215 790 330 852 harum
347 791 427 852 serie
444 792 597 853 volumus
613 792 790 874 pervenire,
807 791 895 872 quod
922 792 1169 874 circumspectus
1186 791 1306 853 Paulus
1322 791 1480 871 literatus,

213 897 331 978 ligator
364 897 520 960 librorum
547 918 583 959 ac
607 898 739 958 domina
764 897 909 959 Elizabet
933 917 1065 958 concors
1089 898 1244 975 eiusdem,
1269 897 1347 958 alias
1371 899 1481 961 relicta

214 1003 353 1066 condam
379 1002 570 1066 Christofori
603 1003 740 1087 lapicide
770 1003 809 1064 de
842 1005 1041 1086 prepositura
1075 1006 1166 1065 beate
1196 1003 1328 1085 virginis
1353 1005 1384 1066 in
1409 1025 1481 1066 area

214 1110 384 1192 capitulari
408 1111 540 1172 ecclesie
563 1110 788 1192 zagrabiensiS,
808 1111 960 1172 oneribus
980 1123 1011 1172 et
1032 1110 1229 1191 quibuslibet
1243 1111 1482 1192 gravaminibus

215 1218 442 1279 universorum
478 1231 508 1279 et
540 1217 760 1298 quorumlibet
792 1215 935 1297 fratrum,
969 1218 1282 1298 consanguineorum
1315 1231 1346 1278 et
1376 1209 1482 1299 proxi·

215 1341 356 1402 morum,
380 1323 587 1405 proliumque
615 1336 654 1384 et·
670 1320 815 1384 affinium
839 1343 982 1402 suorum,
1007 1343 1088 1404 quos
1112 1321 1347 1404 infrascriptum
1370 1324 1482 1404 tangit,

215 1443 387 1509 tangereve
418 1441 525 1512 posset
557 1430 727 1510 negocium
760 1428 994 1511 quoquomodo
1028 1429 1060 1491 in
1093 1429 1235 1491 futurum
1267 1429 1300 1489 in
1331 1449 1364 1490 se
1397 1429 1483 1511 ipsos

216 1547 483 1617 assumpmentes,
500 1555 608 1597 coram
629 1536 723 1597 nobis
740 1535 950 1618 personaliter
966 1535 1128 1598 constituti
1145 1547 1320 1616 spontanea
1337 1533 1483 1623 etlibera

217 1641 362 1723 ipsorum
379 1643 543 1704 voluntate
561 1641 738 1704 ministerio
755 1642 827 1704 vive
844 1643 931 1704 vocis
948 1640 1083 1704 confessi
1100 1642 1218 1703 suntin
1233 1640 1482 1704 huncmodum:

218 1746 386 1828 quomodo
419 1748 477 1829 ipsi
503 1747 614 1809 divino
639 1748 741 1830 magis
766 1767 863 1829 quam
887 1748 1030 1810 humano
1054 1749 1105 1830 pie
1130 1767 1265 1829 careque
1290 1747 1482 1808 intentionis

217 1853 324 1934 gracia
357 1853 486 1934 spiritus
519 1853 618 1916 sancti
651 1867 842 1935 cooperante
875 1855 952 1916 moti
986 1855 1147 1932 instinctu,
1172 1853 1335 1934 cupientes
1358 1851 1481 1914 ardenti

218 1958 380 2020 desiderio
410 1979 467 2020 sue
499 1979 696 2040 suorumque
720 1959 980 2041 predecessorum
1007 1973 1174 2042 parentum
1198 1959 1291 2020 saluti
1316 1957 1482 2021 consulere

220 2077 251 2126 et
282 2064 322 2126 de
356 2065 450 2126 bonis
481 2066 723 2148 temporalibus,
748 2086 810 2147 que
841 2065 961 2129 eisdem
993 2067 1101 2128 divina
1134 2064 1270 2128 contulit
1298 2063 1484 2142 clemencia,

219 2191 275 2254 per
307 2171 485 2233 eorundem
517 2173 677 2234 bonorum
709 2172 956 2254 disposicionem
990 2192 1048 2255 pro
1079 2172 1211 2234 terrenis
1243 2185 1274 2232 et
1296 2169 1485 2232 transitoriis

220 2276 349 2338 celestia
381 2291 591 2357 commutare,
614 2279 674 2340 sibi
703 2292 811 2340 eterne
843 2279 960 2360 quietis
993 2277 1101 2340 locum
1136 2278 1167 2338 in
1196 2277 1351 2360 presentis
1375 2295 1484 2337 cursus

219 2383 333 2444 itinere
358 2403 538 2464 procurare,
559 2384 693 2446 domum
716 2385 857 2466 ipsorum
875 2384 1034 2467 lapideam
1052 2405 1107 2446 seu
1124 2397 1281 2445 muratam
1297 2381 1393 2444 simul
1410 2401 1483 2442 cum

221 2488 307 2550 curia
335 2489 367 2550 in
385 2489 496 2552 eadem
514 2490 633 2570 habita,
650 2489 834 2571 cuiquidem
853 2490 962 2552 domui
981 2493 1021 2552 ab
1037 2489 1185 2552 orientali
1201 2487 1338 2550 condam
1355 2483 1484 2548 Thome

221 2596 350 2658 sartoris
374 2597 415 2656 ab
439 2596 629 2658 occidentali
645 2616 721 2658 vero
739 2597 881 2678 partibus
897 2596 1044 2658 similiter
1060 2595 1219 2660 dictorum
1236 2594 1328 2657 Pauli
1345 2591 1484 2671 litterati,

222 2701 366 2782 ligatoris
390 2721 425 2764 ac
459 2702 590 2764 domine
623 2703 767 2766 Elizabet
795 2703 951 2765 consortis
983 2701 1127 2764 eiusdem
1157 2701 1272 2764 domus
1295 2700 1485 2778 vicinantur,

222 2809 356 2869 omnino
388 2809 432 2870 sic
462 2822 496 2870 ut
519 2808 684 2888 prefertur,
709 2809 742 2870 in
768 2809 837 2870 vico
862 2810 1060 2892 prepositure
1085 2809 1176 2870 beate
1200 2806 1333 2888 virginis
1356 2806 1389 2866 in
1413 2825 1485 2866 area

223 2913 389 2995 capitulari
414 2915 612 2995 zagrabiensi
645 2935 708 2976 una
736 2935 809 2976 cum
832 2915 926 2977 horto
951 2915 984 2976 in
1008 2915 1079 2976 vico
1104 2914 1302 2992 Latinorum,
1327 2911 1382 2992 qui
1406 2911 1485 2972 olim

223 3019 361 3081 condam
378 3020 557 3103 Wylhelmi
574 3021 651 3083 civis
671 3022 806 3084 civitatis
822 3021 940 3083 montis
957 3019 1125 3082 Grecensis
1140 3017 1309 3101 prefuisset
1325 3015 1486 3080 existentis

223 3137 253 3186 et
284 3124 404 3205 habite,
428 3127 523 3188 simul
553 3147 625 3190 cum
650 3127 771 3189 cunctis
795 3127 938 3190 eiusdem
963 3126 1079 3196 domus
1102 3138 1133 3188 et
1156 3125 1216 3187 orti
1241 3123 1431 3186 utilitatibus
1455 3135 1486 3183 et

224 3233 428 3312 pertinenciis
448 3233 655 3314 quibuslibet,
671 3235 786 3317 quovis
801 3233 942 3296 nominis
958 3231 1116 3294 vocabulo
1133 3229 1277 3291 vocitatis
1293 3229 1332 3291 ad
1350 3227 1485 3290 eandem

224 3337 262 3398 de
284 3337 352 3417 jure
373 3353 404 3400 et
426 3341 467 3401 ab
486 3341 619 3422 antiquo
639 3341 855 3422 spectantibus
872 3353 902 3402 et
919 3339 1076 3420 pertinere
1093 3337 1295 3414 debentibus,
1311 3333 1485 3396 venerabili

225 3442 358 3506 domino
385 3445 533 3507 Ladislao
558 3445 598 3508 de
623 3445 807 3508 Gerzenche
832 3445 919 3507 fratri
944 3458 975 3506 et
998 3443 1216 3506 concanonico
1242 3455 1351 3503 nostro
1376 3453 1407 3501 et
1431 3458 1486 3521 per

226 3569 425 3631 consequens
460 3571 512 3613 are
544 3552 643 3614 sancti
677 3552 814 3613 Emerici
847 3551 937 3614 ducis
971 3551 1003 3612 in
1035 3549 1166 3612 ecclesia
1198 3545 1371 3608 cathedrali
1401 3545 1485 3606 beati

228 3655 379 3737 Stephani
413 3658 496 3738 regis
529 3669 719 3736 constructe,
743 3678 801 3740 pro
834 3656 998 3739 refrigerio
1022 3656 1202 3718 animarum
1226 3671 1354 3714 suarum
1379 3665 1409 3712 et
1433 3671 1486 3732 pa·

227 3775 350 3824 rentum
384 3782 516 3825 suorum
547 3777 578 3825 et
608 3783 666 3846 pro
697 3777 850 3846 perpetua
882 3763 1038 3826 memoria
1072 3762 1102 3822 in
1133 3761 1228 3822 missa
1259 3778 1354 3840 super
1381 3757 1486 3839 ipsum

227 3867 323 3930 altare
360 3869 550 3932 celebranda
585 3871 766 3954 peragenda
800 3872 858 3932 sub
890 3872 948 3932 hac
980 3869 1181 3946 condicione,
1212 3865 1300 3954 quod
1332 3861 1487 3946 quamdiu

226 3976 435 4056 supervixerit
467 3977 585 4059 prefata
616 3978 747 4040 domina
770 3977 916 4039 Elizabet
943 3977 983 4038 sit
1012 3991 1042 4038 et
1066 3976 1124 4038 erit
1148 3974 1289 4054 obligata
1314 3971 1389 4032 dare
1413 3988 1487 4030 can·

227 4079 313 4142 delas
348 4081 387 4142 ad
424 4083 525 4164 ipsam
563 4083 692 4146 missam
726 4083 950 4146 celebrandam
981 4095 1138 4164 quantum
1173 4079 1342 4142 necessitas
1373 4075 1487 4156 exiget,

227 4187 367 4268 primum
402 4207 438 4250 ea
470 4190 651 4252 intencione
685 4203 716 4252 et
746 4190 909 4252 voluntate
939 4188 1187 4250 elemosinarum
1217 4183 1348 4261 inducti,
1372 4180 1488 4265 partim

227 4293 327 4354 eciam
350 4313 409 4375 pro
434 4309 562 4357 centum
586 4310 617 4358 et
640 4296 752 4358 decem
776 4295 905 4358 florenis
921 4295 989 4357 auri
1006 4295 1088 4376 puri,
1106 4294 1183 4354 boni
1200 4305 1231 4354 et
1247 4290 1319 4371 justi
1336 4287 1489 4370 ponderis

227 4399 266 4460 ab
290 4399 407 4462 eodem
432 4401 566 4464 domino
591 4401 752 4480 Ladislao,
776 4415 872 4483 prout
892 4401 990 4464 iidem
1007 4401 1126 4461 Paulus
1148 4413 1178 4460 et
1195 4396 1326 4459 domina
1343 4393 1489 4457 Elizabet

227 4525 357 4568 consors
381 4507 524 4570 eiusdem
548 4508 737 4570 retullerunt
761 4508 823 4590 jam
848 4505 888 4568 ad
912 4506 1045 4588 plenum
1069 4504 1181 4566 levatis
1204 4517 1234 4564 et
1258 4500 1424 4584 perceptis,
1448 4497 1489 4560 ad

227 4611 356 4674 laudem
390 4626 421 4675 et
447 4614 584 4694 gloriam
608 4613 839 4696 omnipotentis
863 4612 914 4674 dei
939 4624 970 4674 et
994 4611 1060 4672 divi
1085 4609 1223 4672 Emerici
1248 4607 1338 4668 ducis
1361 4607 1393 4667 in
1419 4624 1489 4686 per·

227 4732 357 4802 petuam
381 4721 590 4784 elemosinam
619 4721 791 4798 dedissent,
815 4719 996 4796 donassent,
1021 4714 1249 4808 vendidissent,
1274 4712 1490 4794 ascripsissent

227 4841 257 4888 et
287 4841 536 4910 perpetuassent,
564 4827 665 4890 immo
699 4827 867 4904 dederunt,
889 4825 1101 4900 donaverunt,
1126 4820 1349 4897 vendiderunt,
1374 4819 1489 4900 ascrip-

228 4949 401 5016 seruntque
434 4949 465 4996 et
496 4946 765 5016 perpetuaverunt
795 4951 903 4994 coram
928 4931 1021 4992 nobis
1047 4929 1114 5010 jure
1139 4941 1294 5010 perpetuo
1318 4938 1349 4988 et
1371 4926 1489 4986 irrevo-

229 5041 372 5104 cabiliter
405 5041 588 5122 tenendam,
622 5039 847 5123 possidendam
885 5037 1002 5119 pariter
1037 5049 1067 5096 et
1098 5032 1291 5110 habendam,
1325 5031 1370 5092 nil
1402 5029 1489 5112 juris,
