3808 5792
653 551 728 612 Doc.
750 546 821 615 181.
845 582 883 594 -
909 553 967 611 An.
991 563 1081 628 1523.
1433 571 1494 634 2²9

922 657 1002 663 ......—.
1009 658 1081 664 --.
1088 659 1116 664 --
1133 658 1492 666 -.-.-—-...—-—--—-——

232 773 338 850 tentis,
361 773 557 855 tandemque
581 775 614 836 in
638 790 845 858 conspectum
870 778 998 860 proprie
1023 777 1196 839 Maiestatis
1217 792 1323 840 nostre
1349 778 1496 856 deducte,

233 877 265 938 in
291 878 524 960 quamquidem
559 901 687 943 causam
722 881 824 944 eciam
847 881 958 944 fideles
982 883 1081 944 nostri
1112 882 1285 964 prudentes
1309 897 1340 946 et
1363 884 1496 946 circum·

233 983 331 1064 specti
355 983 452 1064 judex
475 1004 511 1046 ac
534 984 639 1066 jurati,
663 987 824 1069 ceterique
837 987 922 1049 cives
938 1001 969 1049 et
985 987 1214 1050 inhabitatores
1238 988 1374 1050 civitatis
1390 1001 1496 1050 nostre

234 1088 353 1149 montis
376 1087 556 1170 Grecensis,
579 1093 748 1154 occasione
773 1093 938 1155 dumtaxat
961 1093 1200 1176 possessionum
1232 1093 1434 1176 Petttowyna
1467 1105 1499 1154 et

236 1193 451 1278 Sylakowyna
475 1197 714 1259 nominatarum
739 1199 771 1260 in
796 1199 950 1260 comitatu
974 1198 1173 1279 zagrabiensi
1198 1198 1406 1260 existencium
1430 1218 1498 1260 sese

235 1300 441 1380 ingesserant,
466 1301 579 1364 eedem
603 1304 821 1385 possessiones
855 1305 1060 1387 Pettrowyna
1094 1317 1126 1365 et
1153 1303 1371 1386 Sylakowyna
1403 1304 1499 1365 sirnul

236 1424 309 1466 cum
335 1407 456 1468 cunctis
478 1408 543 1468 suis
567 1408 758 1471 utilitatibus
781 1423 812 1472 et
836 1409 1040 1492 pertinenciis
1076 1409 1274 1490 quibuslibet
1296 1407 1426 1492 prelatis
1449 1409 1496 1492 ju-

236 1511 299 1572 dici
322 1532 360 1574 ac
382 1511 502 1592 juratis,
526 1514 703 1596 ceterisque
727 1515 850 1577 civibus
873 1527 905 1577 et
921 1515 1189 1578 inhabitatoribus
1204 1515 1347 1597 predicte
1364 1515 1500 1577 civitatis

237 1631 342 1679 nostre
367 1618 486 1680 montis
509 1618 679 1681 Grecensis
702 1640 759 1703 per
783 1641 841 1682 nos
865 1641 933 1683 esse
956 1619 1164 1702 adjudicatas,
1189 1634 1284 1702 prout
1307 1620 1368 1682 alie
1398 1621 1501 1682 littere

238 1738 344 1786 nostre
357 1722 588 1805 adjudicatorie
601 1726 772 1808 superinde
797 1724 939 1788 confecte
964 1726 1074 1804 lacius,
1092 1725 1321 1808 limpidiusque
1338 1725 1500 1786 declarant

238 1844 269 1893 et
293 1830 484 1912 exprimunt,
517 1830 556 1892 ad
581 1851 718 1913 quarum
742 1833 987 1894 restatucionem
1012 1845 1120 1893 noster
1143 1831 1248 1912 regius
1272 1843 1303 1892 et
1326 1843 1428 1892 vester
1444 1829 1501 1890 ho-

239 1937 341 1998 mines
372 1937 550 1998 necessario
587 1937 737 2000 videntur
769 1937 1025 2014 transmittendi3
1050 1957 1108 2019 pro
1144 1957 1182 1999 eo
1218 1936 1363 1999 fidelitati
1400 1949 1502 1997 vestre

239 2043 352 2104 harum
377 2043 457 2104 serie
481 2041 614 2104 firmiter
637 2043 850 2125 precipientes
874 2041 1105 2105 committimus
1128 2055 1160 2104 et
1191 2041 1392 2119 mandamus,
1425 2060 1503 2122 qua·

238 2149 325 2210 tinus
359 2160 500 2210 vestrum
534 2147 665 2210 mittatis
696 2147 861 2210 hominem
885 2167 943 2230 pro
974 2148 1159 2210 testimonio
1194 2146 1405 2228 fidedignum,
1439 2165 1504 2227 quo

240 2269 385 2338 presente
410 2254 551 2335 magistri
576 2253 738 2316 lohannes
767 2254 807 2315 de
831 2254 981 2336 Kapolna
1005 2254 1055 2314 vel
1080 2254 1192 2315 Petrus
1222 2253 1262 2315 de
1294 2253 1403 2334 Byxke
1436 2252 1503 2312 sive

241 2360 394 2422 Nicolaus
418 2360 530 2442 Myslre
553 2360 592 2420 de
617 2359 717 2441 Bago,
751 2360 885 2421 minoris
917 2358 1105 2420 cancellarie
1136 2371 1244 2421 nostre
1275 2357 1404 2438 notarii,
1436 2357 1506 2419 aliis

240 2467 436 2546 absentibus,
459 2464 558 2526 homo
581 2478 689 2527 noster
712 2465 819 2546 regius
843 2464 882 2526 de
906 2465 992 2526 curia
1017 2479 1124 2527 nostra
1141 2465 1227 2545 regia
1251 2483 1307 2546 per
1331 2483 1390 2526 nos
1414 2463 1454 2526 ad
1473 2462 1506 2524 id

240 2572 420 2655 specialiter
443 2571 645 2634 transmissus
668 2571 709 2632 ad
733 2569 829 2632 facies
853 2571 1098 2652 prescriptarum
1119 2569 1359 2652 possessionum
1383 2568 1506 2631 Pettro·

243 2697 337 2760 wyna
360 2691 391 2739 et
427 2677 642 2760 Sylalcowyna
674 2677 787 2740 vicinis
819 2690 850 2738 et
881 2677 1110 2740 commetaneis
1141 2675 1316 2738 earundem
1352 2673 1508 2736 universis

242 2785 321 2846 inibi
345 2784 501 2866 legittime
525 2783 707 2846 convocatis
731 2797 762 2845 et
785 2783 986 2866 presentibus
1009 2781 1163 2844 accedens
1194 2793 1345 2843 restatuat
1377 2780 1507 2842 easdem

241 2893 337 2954 simul
361 2912 433 2953 curn
459 2891 580 2953 cunctis
603 2891 669 2952 suis
692 2890 883 2952 utilitatibus
907 2903 938 2952 et
971 2887 1176 2972 pertinenciis
1209 2886 1407 2969 quibuslibet
1438 2905 1507 2968 pre-

242 2998 417 3060 nominatis
451 2996 548 3079 judici
575 3018 611 3058 ac
645 2996 766 3078 juratis,
801 2996 980 3077 ceterisque
1019 2995 1142 3056 civibus
1175 3006 1206 3055 et
1240 2991 1510 3054 inhabitatoribus

243 3117 381 3187 pretacte
413 3103 549 3166 civitatis
580 3115 687 3165 nostre
719 3103 838 3164 montis
871 3101 1050 3179 Grecensis,
1084 3101 1293 3182 ipsorumque
1328 3097 1510 3176 heredibus,

243 3211 482 3293 posteritatibus
513 3222 543 3271 et
579 3209 815 3271 successoribus
847 3207 1004 3269 universis
1045 3206 1113 3288 jure
1145 3205 1267 3266 eisdem
1302 3203 1508 3265 incumbente

244 3330 400 3398 perpetuo
435 3314 654 3397 possidendas,
689 3313 947 3376 contradictione
982 3311 1103 3394 prefate
1135 3310 1266 3374 domine
1298 3308 1510 3390 Margarethe,
1543 3379 1544 3382 Ἴ

243 3422 526 3504 predictorumque
558 3419 714 3482 lobannis
748 3419 880 3502 Dragffy
920 3432 950 3481 et
986 3417 1071 3480 Petri
1107 3415 1269 3498 Erdewdy
1302 3435 1337 3476 ac
1372 3413 1511 3476 aliorum

243 3527 464 3610 quorumlibet
487 3526 595 3608 previa
619 3527 748 3588 racione
772 3545 838 3586 non
865 3526 1023 3602 obstante,
1048 3521 1237 3585 huiusmodi
1263 3519 1511 3603 possessionarie

244 3633 466 3695 restatucionis
489 3632 615 3711 seriem,
639 3645 674 3694 ut
697 3631 793 3693 luerit
815 3630 999 3713 expediens,
1012 3629 1052 3691 ad
1070 3629 1220 3710 quintum
1238 3625 1401 3688 decimum
1424 3625 1511 3686 diem

244 3759 263 3800 a
287 3739 339 3800 die
363 3738 549 3800 huiusmodi
574 3737 805 3819 exequucionis
828 3757 866 3798 ex
890 3736 963 3797 hinc
988 3733 1093 3797 fiende
1117 3731 1347 3815 computando,
1371 3731 1512 3813 predicte

246 3845 410 3929 personali
433 3845 596 3927 presencie
629 3857 736 3906 nostre
768 3842 905 3905 fideliter
938 3841 1127 3903 rescribatis.
1160 3839 1278 3900 Datum
1310 3837 1400 3899 Eude
1433 3835 1511 3900 feria
1572 3887 1573 3890 ,

248 3965 361 4032 quarta
384 3952 529 4036 proxima
552 3964 624 4033 post
648 3949 765 4011 festum
801 3948 997 4010 visitacionis
1035 3945 1217 4008 beatissime
1240 3943 1374 4024 virginis
1398 3942 1509 4005 Marie.

245 4063 343 4120 Anno
367 4057 491 4118 domini
516 4057 688 4118 millesimo
713 4055 973 4137 quingentesimo
998 4052 1154 4134 vigesimo
1177 4051 1286 4113 tercio.

352 4164 385 4225 (Α
403 4163 501 4228 tergo.)
527 4163 692 4224 Fidelibus
723 4161 839 4223 nostris
871 4160 1012 4241 capitulo
1044 4158 1176 4220 ecclesie
1206 4155 1421 4236 zagrabiensis
1453 4173 1512 4236 pro

245 4270 460 4354 prudentibus
483 4283 513 4331 et
537 4268 774 4350 circumspectis
797 4266 903 4348 judice
927 4285 963 4327 ac
987 4264 1107 4346 juratis,
1132 4262 1307 4342 ceterisque
1332 4260 1456 4322 civibus
1481 4273 1512 4321 et

246 4376 516 4439 inhabitatoribus
539 4375 675 4436 civitatis
698 4387 805 4435 nostre
830 4371 948 4433 montis
981 4370 1150 4432 Grecensis
1181 4380 1290 4429 contra
1322 4385 1512 4447 generosam

247 4483 416 4546 dominam
441 4481 687 4564 Margaretham,
712 4480 854 4541 relictam
880 4477 1041 4558 magnifici
1065 4475 1202 4538 condam
1228 4473 1383 4536 lohannis
1400 4471 1513 4554 Banlly
1577 4545 1580 4551 ι

248 4591 288 4652 de
314 4588 492 4668 Bolondos,
516 4589 615 4676 filiam
640 4587 790 4648 videlicet
813 4584 975 4666 magnifici
1000 4583 1079 4645 olim
1104 4581 1260 4643 lobannis
1285 4579 1448 4662 Hennyng
1474 4577 1514 4638 de
1609 4645 1612 4650 ¹

248 4697 463 4759 Zomzedvvar
487 4708 518 4758 et
541 4695 622 4756 alios
646 4693 727 4754 intra
758 4691 941 4753 nominatos
972 4709 1067 4771 super
1091 4686 1230 4769 quadam
1266 4683 1516 4766 possessionaria

248 4803 462 4866 restatucione
487 4821 543 4885 per
574 4815 719 4863 nostrum
751 4818 787 4862 ac
821 4809 962 4862 vestrum
999 4795 1146 4860 homines
1182 4792 1282 4854 modo
1315 4789 1516 4870 intrascripto
