3732 5802
605 519 681 580 Doc.
704 532 774 594 129.
801 553 839 562 —
864 519 921 582 An.
948 515 1035 594 1516.
1395 541 1453 602 ¹59

185 747 320 809 civitatis
356 747 474 809 montis
511 745 690 825 Grecensis,
731 747 833 809 Lucas
867 759 974 809 sancte
1011 747 1211 829 Margarethe
1236 749 1275 810 de
1298 751 1453 812 suburbio

185 855 330 916 eiusdem
346 854 481 916 civitatis
498 854 617 915 montis
641 853 821 933 Grecensis,
838 854 1044 916 ecclesiarum
1063 855 1295 936 parochialium
1312 856 1453 938 plebani,

185 961 341 1043 capellani
365 961 460 1021 vestri
486 960 605 1038 devoti,
630 961 796 1022 oraciones
831 961 863 1022 in
888 961 1022 1023 domino
1047 961 1188 1023 devotas.
1223 962 1356 1023 Noverit
1379 962 1454 1023 istas

185 1067 292 1129 literas
327 1080 446 1130 vestras
480 1067 650 1145 citatorias,
686 1066 897 1146 inhibitorias,
932 1068 1120 1129 monitorias
1154 1080 1185 1128 et
1223 1067 1455 1149 compulsorias

186 1193 258 1234 cum
283 1173 462 1236 insercione
479 1174 717 1236 commissionis
733 1174 989 1236 reverendissimi
1007 1174 1131 1236 domini
1150 1173 1280 1236 Thome
1299 1173 1339 1235 de
1357 1174 1452 1236 latere

186 1279 280 1360 legati
305 1299 364 1362 pro
388 1294 477 1362 parte
501 1280 694 1342 venerabilis
718 1279 841 1342 domini
867 1280 1021 1342 Demetrii
1039 1280 1191 1362 prepositi
1210 1279 1342 1342 ecclesie
1360 1281 1452 1342 beate

187 1385 286 1446 Marie
311 1373 444 1467 virginis
468 1386 507 1448 de
543 1406 615 1448 area
652 1386 818 1468 capitulari
851 1387 1050 1468 zagrabiensi
1086 1400 1259 1464 emanatas,
1295 1387 1453 1467 nobisque

185 1491 322 1552 directas
346 1505 377 1554 et
401 1505 597 1574 presentatus
621 1491 744 1555 honore
769 1505 800 1554 et
820 1493 1001 1578 reverencia
1030 1493 1148 1574 quibus
1164 1493 1271 1554 decuit
1287 1493 1453 1575 recepisse,

184 1597 384 1680 receptisque
408 1599 529 1660 eisdem
553 1600 686 1662 sabbato
711 1597 791 1660 inira
816 1613 944 1661 octavas
967 1599 1200 1682 assumpcionis
1223 1599 1452 1680 gloriosissime

185 1705 318 1785 virginis
341 1705 442 1767 Marie
466 1706 506 1768 ad
531 1705 750 1768 kathedralem
776 1706 944 1768 ecclesiam
968 1706 1069 1768 sancti
1094 1705 1177 1788 regis
1213 1704 1366 1788 Stephani
1401 1725 1453 1767 za-

182 1810 385 1890 grabiensem
402 1813 602 1892 accessimus,
615 1812 725 1894 ibique
742 1813 827 1874 iuxta
841 1813 1076 1874 continenciam
1102 1813 1265 1874 literarum
1278 1824 1453 1873 vestrarum

185 1917 506 1996 commissionalium,
524 1919 624 1980 immo
641 1919 747 1980 verius
763 1919 1023 2000 apostolicarum,
1041 1919 1265 1982 honorabilem
1283 1917 1453 1978 dominum

184 2021 380 2104 Dyonisium
404 2023 444 2086 de
470 2023 667 2103 Gudowecz,
684 2024 842 2086 decanum
867 2025 1166 2107 prebendariorum,
1183 2037 1349 2106 totamque
1366 2043 1452 2086 cotn-

184 2129 375 2192 munitatem
399 2131 686 2212 prebendariorum
710 2132 842 2193 ecclesie
866 2132 1080 2213 zagrabiensis
1104 2131 1144 2194 ad
1169 2131 1356 2193 instanciam
1383 2150 1453 2212 pre·

186 2233 240 2294 lati
266 2235 391 2296 domini
428 2236 582 2299 Demetrii
617 2237 770 2321 prepositi
796 2238 827 2299 in
863 2251 1000 2299 vestram
1036 2238 1251 2320 peremptorie
1287 2237 1454 2299 citavimus

184 2341 382 2421 presenciam
406 2342 447 2403 ad
470 2343 662 2424 vigesimum
688 2343 773 2405 diem
799 2363 815 2404 a
842 2344 894 2404 die
919 2357 1025 2404 nostre
1044 2343 1246 2406 execucionis
1263 2343 1449 2404 immediate

185 2447 415 2528 computand0,
440 2462 598 2529 quatenus
622 2449 681 2531 ipsi
706 2450 808 2531 prima
834 2450 896 2528 die,
920 2450 945 2510 si
970 2449 1105 2530 juridica
1130 2449 1225 2511 fuerit
1256 2463 1287 2510 et
1310 2468 1367 2509 vos
1400 2461 1454 2509 sut

184 2565 325 2616 vestrum
350 2555 584 2636 surrogandum
609 2576 667 2638 pro
691 2556 843 2618 tribunali
868 2556 978 2617 sedere
1003 2557 1181 2636 contigerit,
1199 2556 1277 2617 alias
1300 2555 1340 2616 ad
1366 2554 1453 2616 diem

184 2659 353 2740 juridicam
378 2661 563 2724 immediate
587 2675 775 2744 sequentem
800 2683 855 2743 per
878 2683 911 2724 se
936 2663 986 2723 vel
1004 2682 1060 2745 per
1083 2681 1158 2723 suos
1182 2662 1357 2743 legittimos
1380 2680 1453 2743 pro·

185 2780 348 2828 curatores
364 2769 414 2828 vel
438 2781 678 2850 procuratorem
691 2767 884 2830 sufficienter
894 2769 1064 2830 instructos
1076 2769 1128 2829 vel
1142 2769 1329 2829 instructum
1344 2767 1452 2828 sedem

185 2885 323 2934 vestram
358 2873 412 2935 ubi
445 2887 521 2936 tunc
545 2875 830 2936 reverendissimus
855 2875 1006 2936 dominus
1030 2875 1153 2956 legatus
1181 2893 1253 2935 cum
1282 2893 1339 2934 sua
1367 2873 1453 2934 curia

185 2978 338 3040 residebit
361 2999 419 3062 pro
443 2981 661 3062 tribunalique
694 2981 803 3042 sedere
829 3000 886 3042 vos
910 2981 1079 3061 contigerit
1114 2999 1222 3042 coram
1247 2980 1339 3041 vobis
1362 2980 1453 3060 legit·

184 3083 261 3145 time
287 3086 319 3146 in
344 3085 464 3166 judicio
489 3099 684 3168 compareat,
708 3085 831 3168 prelato
860 3087 994 3148 domino
1020 3086 1184 3149 Demetrio
1216 3087 1378 3168 preposito
1403 3085 1452 3145 vel

185 3191 252 3252 eius
276 3191 436 3273 legittimo
460 3194 659 3276 procuratori
683 3192 723 3254 de
748 3207 779 3254 et
802 3211 896 3275 super
920 3193 1072 3254 omnibus
1097 3193 1128 3253 in
1154 3192 1253 3254 literis
1269 3191 1453 3273 apostolicis

185 3298 342 3359 contentis
366 3311 397 3360 et
419 3317 531 3360 eorum
555 3299 723 3360 occasione
746 3299 785 3360 de
809 3297 877 3378 jure
909 3313 940 3359 et
963 3297 1086 3379 justicia
1111 3318 1350 3380 responsurum,
1380 3317 1452 3379 pro-

186 3421 350 3464 cessurum
373 3417 404 3464 et
426 3403 557 3486 procedi
582 3404 725 3466 visurum
750 3405 782 3465 in
808 3405 873 3486 ipsa
898 3424 992 3466 causa
1017 3424 1118 3484 usque
1154 3405 1344 3466 sententiam
1370 3402 1453 3464 dilli-

186 3509 318 3570 nitivam
358 3509 525 3586 inclusive,
564 3509 838 3591 certificantesque
876 3510 1016 3573 eundem
1052 3510 1222 3572 dominum
1259 3509 1453 3592 Dyonisium

186 3613 343 3676 decanum
366 3616 664 3697 prebendariorum,
688 3629 853 3698 totamque
878 3617 1142 3678 communitatem
1165 3615 1452 3698 prebendariorum

185 3720 268 3783 alme
293 3721 426 3784 ecclesie
450 3722 538 3784 chori
563 3723 778 3804 zagrabiensis
803 3723 865 3784 litis
889 3735 1053 3785 consortes
1070 3723 1114 3784 sic
1132 3723 1255 3800 citatos,
1280 3721 1369 3802 quod
1387 3721 1452 3782 sive
1540 3765 1544 3772 .

186 3827 241 3908 ipsi
268 3829 301 3890 in
326 3828 412 3890 dicto
437 3829 585 3891 termimo
617 3829 781 3890 citacionis
805 3848 910 3890 coram
937 3829 1028 3890 vobis
1051 3841 1257 3909 compareant
1287 3828 1352 3888 sive
1377 3847 1453 3905 non,

186 3953 241 3996 vos
265 3933 306 3996 ad
331 3936 428 4017 partis
451 3935 665 4018 comparentis
690 3936 889 4013 instanciam,
915 3949 1010 4017 prout
1023 3934 1100 4016 juris
1123 3933 1227 4012 fuerit,
1244 3933 1283 3995 ad
1302 3933 1452 3995 ulteriora

185 4041 375 4121 procedetis,
398 4043 527 4104 alterius
551 4043 649 4124 partis
665 4042 812 4103 absencia
836 4061 892 4102 seu
911 4042 1111 4102 contumacia
1129 4041 1159 4100 in
1179 4041 1289 4120 aliquo
1313 4059 1377 4100 non
1395 4039 1452 4100 ob-

184 4161 284 4210 stante
298 4169 306 4224 ;
332 4161 363 4210 et
375 4161 486 4230 postea
500 4147 685 4210 huiusmodi
699 4147 811 4210 decani
827 4161 858 4210 et
870 4146 1156 4229 prebendariorum
1179 4145 1285 4208 habita
1299 4145 1452 4206 citacione

185 4253 221 4314 ad
258 4254 448 4316 instanciam
475 4268 506 4316 et
540 4255 789 4336 requisicionem
824 4253 924 4336 ipsius
960 4252 1084 4314 domini
1121 4251 1274 4314 Demetrii
1300 4249 1452 4333 prepositi

185 4361 296 4422 eadem
321 4360 374 4421 die
399 4361 430 4422 in
455 4361 592 4422 sacrario
615 4361 714 4422 sancti
739 4360 822 4442 regis
847 4359 1000 4441 Stephani
1028 4357 1252 4438 zagrabiensis,
1274 4355 1359 4436 juxta
1377 4355 1453 4434 vim,

185 4465 322 4528 formam
347 4479 378 4529 et
401 4479 546 4530 tenorem
572 4468 736 4529 literarum
761 4467 1008 4548 apostolicarum
1035 4465 1185 4526 dominos
1209 4463 1399 4545 capitulares
1423 4475 1453 4523 et

186 4573 361 4655 capitulum
386 4573 517 4635 ecclesie
542 4573 768 4655 zagrabiensis,
793 4571 914 4652 judices
949 4572 981 4633 in
1007 4571 1090 4632 dicta
1126 4589 1231 4646 causa,
1256 4567 1453 4629 inhibuimus

185 4699 223 4739 ne
248 4679 307 4761 ipsi
333 4679 383 4740 vel
409 4697 520 4740 eorum
545 4679 623 4740 alter
641 4679 672 4740 in
698 4677 922 4760 villipendium
941 4675 1196 4738 reverendissimi
1214 4674 1337 4736 domini
1356 4673 1452 4754 legati

188 4798 217 4846 et
240 4785 455 4867 preiudicium
480 4785 603 4847 domini
622 4785 776 4848 Demetrii
794 4783 947 4866 prepositi
969 4783 1083 4843 iterum
1100 4801 1273 4862 gravamen
1299 4780 1452 4842 innovare

188 4891 237 4952 vel
261 4903 450 4974 attemptare
475 4911 531 4973 per
553 4911 586 4952 se
612 4891 662 4952 vel
687 4911 742 4972 per
778 4889 877 4951 alium
903 4888 1018 4969 quovis
1054 4887 1201 4966 consilio,
1228 4885 1336 4946 colore
1372 4903 1452 4964 quo·

187 4997 355 5080 quomodo
380 5011 575 5080 presumant.
602 4996 721 5059 Omnia
746 5009 851 5057 autem
877 5009 907 5058 et
931 4994 1056 5075 singula
1081 5006 1161 5072 acta,
1178 4992 1317 5070 arbitria,
1335 4991 1453 5072 literas,
