3900 5804
389 561 449 623 302
792 540 910 600 Statuta
933 541 1225 601 Praebmdoriorum.

1226 648 1648 662 ——Q-

386 791 443 854 per
478 771 577 832 alium
613 771 799 853 quempiam
832 771 1043 854 presbiterum
1075 769 1180 832 dicere
1212 783 1243 832 et
1274 769 1426 832 celebrari
1460 769 1563 832 fecere
1595 771 1649 834 de-

387 877 513 938 bearet
547 890 692 938 teneatur
714 877 773 938 sub
808 897 890 958 pene
922 876 1035 958 viginti
1072 876 1277 938 denariorum
1302 875 1562 940 irremissibiliter
1585 878 1650 938 exi·

385 983 577 1064 gendorum.

494 1180 542 1238 De
559 1187 638 1253 pena
660 1176 863 1250 negligentium
890 1175 920 1232 in
936 1176 1096 1247 premissis.

490 1316 555 1389 Qui
579 1328 687 1378 autem
711 1313 835 1375 domini
856 1312 967 1375 iratres
991 1313 1023 1374 in
1056 1314 1218 1396 premissis
1251 1317 1300 1377 vel
1333 1317 1365 1378 in
1398 1331 1486 1400 parte
1518 1320 1650 1402 premis·

385 1441 494 1484 sorum
518 1421 752 1502 negligenciam
776 1419 919 1501 aliquam,
942 1420 1171 1500 commiserint,
1195 1421 1275 1484 tales
1298 1423 1457 1502 videlicet,
1482 1425 1537 1506 qui
1557 1425 1648 1486 »Pla-

386 1529 495 1607 cebo,‹
523 1527 555 1588 in
580 1525 785 1608 quindecim
809 1525 856 1586 illi
880 1545 956 1586 vero
977 1525 1095 1607 Vigilie
1128 1527 1160 1588 in
1193 1528 1425 1610 quadraginta;
1450 1529 1494 1590 bii
1532 1545 1651 1608 autem,

388 1635 442 1716 qui
468 1633 562 1696 misse
587 1631 695 1694 officio
720 1632 752 1693 in
776 1631 898 1713 Viginti
932 1632 1076 1713 quinque
1108 1631 1247 1695 denariis
1277 1634 1559 1716 hungericslibus;
1595 1636 1650 1717 qui

388 1739 521 1801 veroin
556 1751 625 1800 toto
660 1737 767 1800 officio
803 1737 989 1799 huiusmodi
1022 1757 1087 1798 non
1123 1737 1325 1802 interfuerint
1360 1740 1392 1802 in
1425 1761 1491 1803 uno
1526 1742 1651 1824 integro

389 1845 587 1929 hungaricsli
611 1844 734 1906 floreno
758 1843 998 1906 mulctabuntur
1022 1857 1053 1906 et
1069 1844 1279 1927 privabuntur
1303 1846 1371 1929 ipso
1396 1845 1491 1908 lacto.

497 2058 644 2134 Quomodo
665 2059 752 2116 missa
774 2059 1023 2133 confraternitatis
1051 2061 1261 2133 persingulas
1283 2061 1460 2135 festivitates
1492 2061 1652 2119 beanssiroe

388 2166 511 2239 virgr'rn's
534 2165 635 2222 Marii
656 2165 757 2223 debeat
768 2165 889 2238 peragi.

492 2323 652 2384 Volumus
675 2323 787 2400 eciam,
810 2321 898 2404 quod
923 2321 955 2382 in
980 2321 1126 2403 quolibet
1151 2319 1231 2382 festo
1262 2320 1491 2401 gloriosissime
1519 2322 1652 2403 virginis

391 2431 500 2508 Murie,
536 2430 645 2492 metris
679 2428 908 2506 misericordie,
943 2427 983 2488 ed
1015 2427 1203 2488 mandatum
1239 2427 1362 2488 domini
1399 2427 1512 2489 decani
1550 2427 1649 2488 nostri

391 2535 586 2597 conveniant
617 2554 731 2597 omnes
765 2533 889 2595 domini
932 2531 1043 2595 iratres
1082 2533 1113 2594 in
1153 2532 1284 2594 chorum
1317 2534 1484 2595 benedicte
1521 2533 1652 2615 virginis

390 2643 499 2720 Marie,
523 2641 563 2703 ad
588 2641 670 2702 latus
694 2639 839 2700 dextrum
872 2639 1041 2701 sanctuarii
1074 2639 1205 2700 maioris
1239 2639 1382 2718 ecclesie,
1418 2640 1652 2722 suprapelliciis

389 2768 445 2810 seu
469 2747 617 2830 epitogiis
640 2746 828 2808 sollenniter
852 2745 966 2824 induti,
989 2745 1095 2806 statim
1119 2743 1207 2806 finita
1243 2745 1345 2826 prima
1370 2745 1476 2824 missa,
1501 2765 1651 2828 persona-

390 2853 460 2916 liter
483 2853 534 2916 vel
559 2873 615 2936 per
638 2852 737 2914 alium
761 2850 801 2912 ad
827 2851 859 2912 id
884 2851 1038 2914 idoneum
1063 2870 1164 2933 usque
1182 2851 1214 2912 in
1231 2850 1327 2912 finem
1346 2852 1496 2913 interesse
1514 2852 1652 2914 debeant

389 2961 484 3022 misse
507 2957 772 3021 confraternitatis
796 2957 837 3020 de
863 2955 944 3019 festo
976 2957 1120 3019 eiusdem
1152 2958 1347 3019 occurrentis
1378 2958 1566 3020 sollenniter
1597 2957 1651 3019 de-

389 3065 553 3130 cantande.
579 3065 652 3139 Que
676 3064 772 3127 debet
795 3063 857 3125 dici
882 3083 955 3125 cum
980 3063 1122 3126 collectis
1143 3065 1260 3124 tribus:
1289 3064 1392 3145 prima
1409 3063 1558 3126 videlicet
1579 3083 1651 3147 pro·

388 3173 473 3254 pria;
499 3171 639 3233 secunde
663 3190 721 3252 pro
756 3169 1000 3249 commendatis,
1031 3169 1148 3248 ›Deus,
1164 3170 1254 3230 cuius
1282 3169 1538 3246 misericordie;‹
1556 3171 1652 3232 tercia

388 3297 446 3360 pro
471 3277 608 3360 peccatis
632 3275 884 3355 benefactorum,
908 3296 965 3358 per
999 3275 1129 3337 fratrem
1160 3295 1257 3358 quem
1287 3276 1367 3338 ordo
1400 3277 1502 3358 tangit
1536 3278 1650 3339 maturi

388 3382 486 3444 officii
511 3382 755 3444 hebdomadalis
790 3383 885 3444 misse
910 3383 1001 3444 beate
1036 3382 1177 3463 virginis,
1213 3383 1263 3444 cui
1300 3382 1365 3443 duo
1402 3403 1438 3443 ex
1473 3383 1652 3445 iunioribus

389 3491 548 3569 astabunt,
572 3503 667 3572 prout
691 3489 842 3551 dominus
866 3489 1005 3552 decanus
1029 3501 1136 3550 noster
1159 3488 1364 3550 commiserit.

494 3703 545 3761 Ad
560 3705 659 3779 officia
682 3701 777 3761 debila
792 3703 930 3778 fratrum
953 3721 1010 3758 non
1032 3703 1224 3776 surrogandis
1246 3703 1349 3764 idiotis.

496 3842 581 3916 Quia
606 3843 681 3905 certi
706 3863 743 3904 ex
767 3841 916 3904 frutribus
949 3843 1065 3904 nostris
1096 3842 1194 3904 nullis
1227 3843 1391 3924 legittimis
1422 3844 1565 3924 negociis
1596 3863 1652 3905 seu

391 3949 494 4010 causis
518 3948 675 4030 prepediti
700 3968 781 4010 vane
805 3949 910 4009 solent
941 3947 1148 4010 deambulare
1173 3961 1204 4010 et
1234 3968 1292 4030 pro
1315 3969 1348 4009 se
1373 3949 1449 4030 ipsis
1472 3949 1512 4010 ad
1546 3947 1651 4011 officia

391 4056 503 4136 quevis
527 4054 683 4136 explenda
708 4055 836 4136 ignaros
859 4068 890 4116 et
913 4055 1028 4115 idiotes
1051 4074 1229 4136 surrogare,
1253 4056 1308 4136 qui
1345 4075 1411 4116 non
1436 4069 1470 4116 ut
1503 4055 1653 4118 decenter

391 4173 528 4239 cantare,
559 4159 615 4221 sed
648 4180 706 4221 nec
730 4179 766 4221 os
790 4160 921 4242 quidem
953 4175 1026 4243 apte
1058 4162 1158 4223 sciant
1189 4162 1326 4245 aperire3
1357 4162 1508 4223 volumus
1547 4163 1652 4244 igitur,

391 4265 479 4348 quod
503 4265 568 4344 ille,
593 4266 647 4347 qui
673 4267 705 4327 in
736 4267 864 4349 propria
896 4287 1032 4348 persona
1063 4267 1119 4329 teli
1150 4267 1258 4330 officio
1292 4268 1441 4329 interesse
1474 4269 1654 4350 nequiverit

390 4371 441 4434 hic
465 4392 521 4454 per
543 4392 576 4433 se
599 4372 651 4432 vel
674 4392 730 4454 per
754 4372 853 4434 elium
878 4371 1007 4434 fratrem
1031 4393 1122 4435 suum
1142 4374 1310 4436 dominum
1332 4375 1490 4436 decanum
1508 4389 1653 4436 nostrum

391 4479 479 4540 adire
503 4491 534 4538 et
564 4496 691 4539 causam
715 4478 905 4559 legittimam
939 4479 1095 4542 obicionis
1126 4481 1287 4562 assignare
1316 4480 1441 4559 debeat,
1474 4493 1505 4541 et
1535 4481 1652 4543 deinde

391 4585 464 4646 loco
498 4584 546 4644 sui
571 4583 671 4645 alium
697 4584 851 4646 idoneum
881 4585 1029 4648 ordinare
1060 4599 1091 4648 et
1122 4587 1285 4648 instituere
1317 4599 1473 4667 teneatur,
1506 4587 1651 4668 alioquin

391 4690 416 4750 si
442 4690 473 4750 id
509 4689 684 4770 neglexerit
718 4689 886 4752 habebitur
918 4713 976 4774 pro
1007 4694 1136 4794 absente
1168 4706 1199 4754 et
1230 4691 1401 4754 duodecim
1432 4693 1650 4775 wyenensium

391 4797 502 4857 subeat
525 4817 652 4877 penam.
