3808 5792
379 559 442 622 ²34
790 541 866 606 Dec.
890 541 961 605 186.
984 579 1027 590 -
1044 546 1109 606 ‚Arx
1133 557 1222 620 1523.

378 768 499 830 dicium
524 769 682 831 eiusmodi
720 769 837 830 iurium
871 783 902 830 et
924 770 1108 831 libertatum
1141 771 1283 851 ipsorum
1317 768 1533 831 manifestum.
1563 771 1629 852 Sup

379 873 533 955 plicatum
561 874 657 955 igitur
681 875 783 935 extitit
806 865 963 936 Maiestati
989 888 1095 936 nostre
1127 894 1185 957 pro
1217 887 1308 957 parte
1340 875 1517 936 eorundem
1549 894 1629 956 expo

293 979 300 990 “
377 979 529 1040 nencium
554 993 589 1040 ut
613 978 784 1061 superinde
809 992 991 1061 opportune
1021 980 1098 1061 ipsis
1130 980 1299 1062 providere
1331 979 1546 1060 dignaremur.
1577 981 1643 1040 Nos

378 1103 464 1162 vero,
489 1097 583 1166 prout
606 1103 644 1145 ex
668 1081 776 1146 officio
802 1083 875 1144 iusti
892 1084 1045 1166 principis
1061 1085 1227 1163 debemus,
1245 1083 1389 1146 volentes
1405 1083 1544 1165 prefatos
1561 1084 1645 1145 cives

378 1203 502 1250 nostros
526 1203 556 1251 et
580 1209 694 1251 eorum
719 1189 897 1270 quemlibet
921 1189 952 1250 in
977 1189 1042 1250 suis
1066 1190 1267 1252 libertatibus
1291 1209 1490 1268 conservare,
1514 1189 1645 1250 manda·

377 1314 449 1356 mus
471 1293 615 1356 fidelitati
640 1309 741 1357 vestre
766 1293 907 1373 firmiter,
936 1307 1094 1376 quatenus
1117 1294 1257 1377 prelatos
1275 1309 1472 1377 exponentes
1495 1268 1646 1376 deinceps

378 1415 488 1462 contra
513 1419 724 1482 quoscunque
749 1401 948 1482 illegittimus
972 1401 1182 1484 impetitores,
1200 1402 1255 1482 qui
1273 1402 1422 1463 videlicet
1438 1421 1493 1463 eos
1518 1402 1550 1462 in
1566 1401 1646 1462 locis

378 1507 570 1568 tributorum
587 1519 697 1568 contra
714 1507 901 1588 premissam
919 1506 1100 1568 libertatem
1125 1525 1237 1568 eorum
1256 1507 1460 1588 impedirent,
1484 1508 1654 1568 turbarent

378 1625 409 1673 et
432 1612 639 1674 molestarent
663 1631 720 1694 per
744 1612 976 1692 occupationes
1000 1613 1112 1686 eciam,
1136 1611 1161 1672 si
1186 1630 1268 1693 opus
1294 1609 1400 1689 luerit,
1417 1611 1644 1673 theloneorum

378 1717 504 1795 talium,
528 1717 622 1795 tueri,
645 1729 813 1798 protegere
838 1730 868 1777 et
892 1714 1056 1777 defensare
1081 1736 1117 1777 ac
1128 1730 1335 1778 manutenere
1350 1717 1493 1779 debeatis
1509 1731 1540 1778 et
1558 1730 1646 1778 tene·

378 1822 477 1883 amini
502 1835 608 1883 nostre
633 1820 836 1882 Maiestatis
829 1841 861 1882 ru
884 1840 1022 1904 persona
1045 1835 1076 1883 et
1099 1821 1310 1883 aucthoritate
1334 1823 1534 1903 presentibus
1550 1823 1642 1884 vobis

380 1928 411 1988 in
437 1927 495 1989 hac
519 1941 608 2009 parte
633 1927 784 1988 attributa
808 1940 839 1988 et
862 1927 985 1990 iusticia
1011 1927 1182 1990 mediante.
1208 1927 1306 1989 Secus
1330 1948 1395 1990 non
1420 1926 1542 1990 facturi.
1575 1928 1647 1988 Pre-

298 2117 300 2124 .
379 1997 520 2094 sentibus
544 2033 702 2115 perlectis,
727 2033 888 2094 exhibenti
912 2011 1072 2096 restitutis.
1108 2033 1226 2094 Datum
1250 2033 1381 2094 Bude
1374 2053 1406 2094 tn
1440 2033 1520 2094 festo
1557 2035 1647 2094 beate

381 2140 482 2200 Marie
509 2138 711 2219 Magdalene.
737 2142 831 2200 Anno
856 2139 980 2202 domini
1004 2138 1177 2200 millesimo
1200 2138 1460 2220 quingentesimo
1493 2138 1648 2219 vigesimo

380 2245 491 2308 terci0.

485 2349 621 2416 originale
641 2349 667 2402 in
688 2350 785 2401 charta.
807 2347 836 2402 ln
856 2349 973 2414 margine
992 2347 1111 2401 inferiori
1132 2349 1290 2414 impressam
1304 2354 1346 2402 est
1359 2349 1485 2414 sigillum.
1504 2347 1532 2400 ln
1546 2349 1649 2400 archiv.

381 2437 467 2492 inclit.
488 2439 586 2489 Accad.
605 2439 697 2490 scient.
718 2436 814 2490 Slavor
842 2437 934 2492 merid.

973 2719 1056 2784 186.

485 2862 558 2911 Anno
581 2860 655 2912 1523.
683 2861 724 2911 22.
742 2859 808 2924 julii.
830 2857 927 2910 Budae.

380 2989 543 3045 Ludovr'cus
580 2989 625 3049 ΙΙ.
649 2989 754 3067 Hung.
779 2997 827 3048 etc.
859 3007 939 3062 rex,·
961 2983 1102 3045 nobilibus
1132 2988 1356 3062 possessionum,
1392 2985 1560 3046 civilatibus
1593 2995 1644 3044 etc.

381 3101 466 3168 vetat,
490 3113 526 3152 ne
548 3112 568 3150 a
592 3095 800 3152 mercatoribus
822 3092 943 3172 aagrob.
961 3102 1021 3167 pro
1043 3111 1132 3152 merce
1143 3095 1305 3167 portorium
1321 3094 1369 3150 vel
1380 3094 1516 3150 telonium
1532 3095 1649 3166 exigere

952 3199 1085 3261 audeant.

1036 3317 1195 3369 Commissio
1216 3318 1325 3382 propria
1344 3317 1442 3369 domini
1463 3319 1545 3383 regis.

488 3408 673 3470 Ludouicus
697 3409 749 3471 dei
773 3409 879 3490 gracia
904 3428 956 3468 rex
982 3407 1147 3488 Hungarie
1173 3421 1203 3469 et
1229 3407 1382 3469 Bohemie
1407 3421 1466 3469 etc.
1484 3407 1508 3468 F
1512 3409 1651 3470 rdelrbus

382 3515 497 3575 nostris
521 3515 678 3576 universis
702 3529 733 3577 et
756 3515 893 3596 singulis
917 3514 1058 3576 dominis
1083 3515 1223 3596 prelatis,
1257 3513 1439 3591 comitibus,
1464 3515 1650 3592 baronibus,

382 3620 558 3699 nobilibus,
596 3623 786 3700 castellanis,
830 3619 1081 3683 vicecastellanis
1115 3633 1211 3701 atque
1245 3619 1423 3681 eorundem
1460 3617 1653 3680 officialibus

382 3727 499 3808 quovis
522 3727 654 3789 nomine
690 3741 889 3806 censeantur,
913 3745 971 3788 nec
1005 3745 1070 3786 non
1104 3725 1295 3803 civitatibus,
1329 3725 1459 3807 oppidis
1495 3739 1526 3784 et
1558 3725 1654 3804 villis,

383 3832 542 3914 judicibus
566 3847 597 3893 et
621 3832 741 3912 juratis,
766 3833 841 3894 item
865 3832 1140 3894 theloneatoribus
1155 3851 1191 3891 ac
1208 3849 1489 3911 quorumcumque
1505 3829 1651 3891 thelone-

383 3958 475 4000 orum
501 3953 532 4000 et
555 3939 748 4001 tributorum
773 3939 974 4000 exactoribus
1006 3951 1061 3998 aut
1096 3955 1208 3998 eorum
1242 3937 1327 3997 vices
1361 3937 1556 4016 gerentibus,
1588 3949 1652 3997 tam

382 4045 502 4105 scilicet
526 4045 640 4105 nostris
665 4065 761 4126 quam
787 4045 899 4105 alienis
924 4044 956 4104 in
983 4062 1082 4124 regno
1107 4055 1216 4103 nostro
1248 4041 1414 4122 Hungarie
1445 4057 1476 4102 et
1508 4042 1653 4124 partibus

384 4151 488 4211 eidem
513 4151 664 4210 subiectis
688 4151 793 4211 ubivis
826 4149 1006 4211 constitutis
1029 4163 1060 4209 et
1093 4147 1312 4226 existentibus,
1337 4161 1498 4229 presentes
1531 4148 1654 4222 visuris,

384 4256 519 4317 salutem
547 4269 577 4316 ct
600 4257 752 4336 graciam.
771 4255 935 4329 Quoniam
953 4273 1011 4315 nos
1033 4254 1177 4315 volentes
1199 4253 1360 4314 civitatem
1378 4265 1519 4313 nostram
1536 4253 1655 4313 montis

388 4362 557 4423 Grecensis
581 4363 620 4422 ab
646 4361 700 4422 illa
724 4361 930 4422 desolatione
954 4374 984 4420 et
1008 4360 1116 4441 inopia
1141 4359 1172 4420 in
1198 4377 1296 4440 quam
1319 4357 1537 4438 superioribus
1563 4357 1656 4420 annis

384 4482 430 4530 est
454 4467 582 4530 redacta
607 4469 754 4546 relevari,
785 4481 883 4548 utque
908 4467 994 4528 cives
1017 4479 1048 4527 et
1084 4465 1313 4526 inhabitatores
1345 4463 1488 4525 eiusdem
1521 4463 1655 4524 civitatis

384 4588 491 4636 nostre
513 4595 552 4636 eo
577 4573 701 4636 facilius
727 4575 847 4635 victum
873 4593 1017 4654 querere,
1041 4591 1243 4652 numeroque
1260 4585 1290 4632 et
1307 4569 1423 4652 opibus
1446 4570 1567 4651 augeri,
1586 4588 1655 4630 mu-

384 4701 501 4762 rosque
525 4681 660 4742 civitatis
683 4694 782 4762 atque
818 4680 881 4740 alia
905 4679 1109 4740 munimenta
1146 4691 1220 4738 ante
1254 4677 1380 4756 aliquot
1401 4695 1503 4736 annos
1538 4678 1578 4736 ab
1610 4675 1655 4735 eis

385 4787 533 4848 inchoata
559 4806 616 4867 pro
642 4786 866 4848 commodiore
892 4783 1079 4845 defensione
1104 4783 1207 4844 tocius
1240 4781 1329 4862 regni
1361 4781 1459 4840 nostri
1484 4780 1655 4842 Sclauonie

385 4894 572 4954 continuare
597 4907 627 4955 et
652 4894 819 4954 absolvere
846 4890 979 4973 possint,
1012 4889 1180 4971 privilegia
1199 4909 1215 4948 a
1234 4888 1316 4948 divis
1339 4887 1467 4966 regibus
1491 4885 1656 4966 Hungarie

384 5005 479 5082 super
503 5001 715 5084 exempcione
739 4998 914 5060 solucionis
939 5014 1221 5077 quorumcumque
1255 4993 1480 5056 theloneorum
1512 5011 1569 5053 seu
1602 4991 1656 5052 tri-
