3752 5806
321 501 326 509 '
358 526 396 567 22
784 508 858 568 Dec.
875 521 922 568 22.
949 539 998 550 -
1020 507 1077 566 An.
1108 519 1196 582 1503.

356 735 566 818 precipientes
587 733 788 812 mandamus,
812 747 970 814 quatenus
994 732 1109 795 habitis
1132 735 1333 816 presentibus
1355 736 1556 798 Anthonium
1580 737 1619 798 de

358 841 484 904 Bradna
515 855 546 902 et
580 840 784 921 Gregorium,
817 839 965 902 omnium
996 852 1189 919 sanctorum,
1214 840 1421 902 ecclesiarum
1453 843 1619 924 plebanos,

357 947 567 1031 personaliter
591 947 758 1024 accedatis,
779 947 931 1028 ipsosque
958 945 997 1007 ad
1014 946 1203 1008 instanciam
1221 946 1427 1009 dominorum
1443 949 1620 1031 prebenda-

358 1055 479 1116 riorum
519 1053 608 1114 chori
648 1053 792 1115 eiusdem
832 1052 965 1114 ecclesie
1000 1053 1225 1133 zagrabiensis,
1261 1053 1388 1116 racione
1424 1055 1621 1118 detencionis

359 1174 518 1224 certorum
538 1160 721 1223 debitorum
743 1159 1014 1221 testamentalium
1035 1179 1093 1241 per
1108 1159 1245 1221 condam
1263 1162 1436 1223 discretum
1452 1161 1621 1224 dominum

359 1267 553 1349 Gregorium
576 1267 750 1348 plebanum
767 1265 806 1326 de
825 1263 973 1346 Gragena
990 1267 1181 1346 legatorum,
1198 1280 1229 1328 et
1244 1287 1301 1350 per
1317 1267 1448 1329 cosdem
1464 1268 1622 1350 plebanos
1693 1269 1696 1274 ’

358 1387 512 1455 tanquam
550 1385 735 1434 executores
773 1391 848 1433 suos
888 1371 971 1452 exigi
1008 1385 1039 1434 et
1079 1372 1372 1456 eisdemdominis
1404 1375 1622 1456 prebendariis

359 1480 512 1562 assignari
536 1479 781 1540 commissorum
805 1492 836 1539 et
859 1498 925 1540 non
948 1478 1192 1560 assignatorum,
1207 1479 1247 1540 ad
1271 1499 1395 1542 nonum
1419 1481 1506 1542 diem
1529 1502 1547 1542 a
1571 1481 1622 1544 die

359 1585 561 1648 execucionis
576 1584 777 1668 presencium
794 1583 979 1646 immediate
1004 1585 1232 1666 computando,
1250 1599 1392 1648 nostram
1408 1588 1622 1670 peremptorie

360 1693 463 1754 citetis
486 1692 519 1753 in
549 1691 757 1774 presenciam,
784 1691 906 1752 eisdem
937 1691 1077 1752 dominis
1100 1691 1321 1773 prebendariis
1345 1693 1378 1753 in
1402 1693 1469 1774 jure
1492 1713 1623 1776 respon-

360 1819 461 1878 suros,
485 1811 517 1862 et
546 1797 717 1880 superinde
748 1797 825 1880 juris
859 1797 1033 1878 equitatem
1063 1811 1258 1881 recepturos.
1292 1799 1383 1872 Quos
1411 1819 1529 1862 novem
1554 1800 1622 1862 dies

361 1907 438 1990 ipsis
460 1926 519 1989 pro
543 1905 658 1988 prim0,
682 1903 836 1983 secundo,
851 1903 961 1982 tercio,
977 1905 1237 1986 peremtorioque
1254 1918 1285 1966 et
1301 1906 1426 1986 ultimo,
1439 1907 1623 1968 monicione

362 2013 515 2076 canonica
545 2012 708 2095 premissa,
732 2011 929 2092 assignantes
960 2009 1131 2093 prefigatis.
1160 2012 1201 2073 Et
1232 2025 1305 2094 post
1335 2011 1394 2074 hec
1424 2012 1625 2074 execucionis

362 2133 465 2206 vestre
495 2119 610 2181 seriem
639 2119 672 2179 in
695 2117 834 2180 termino
866 2117 1026 2198 assignato
1050 2117 1144 2178 nobis
1175 2117 1412 2180 conscienciose
1435 2118 1625 2196 rescribatis,

362 2238 524 2308 presentes
548 2225 580 2286 in
605 2223 709 2306 specie
733 2222 936 2308 remittendo.
954 2223 1073 2284 Datum
1097 2223 1252 2304 Zagrabie
1268 2223 1307 2286 'in
1331 2239 1442 2286 octava
1465 2239 1572 2287 sancte
1596 2239 1627 2286 et

364 2330 530 2392 individue
554 2329 731 2391 Trinitatis.
769 2332 864 2390 Anno
889 2329 1013 2390 domini
1037 2329 1210 2390 millesimo
1234 2330 1493 2411 quingentesimo
1516 2330 1626 2392 tercie.

468 2455 500 2520 (Α
527 2453 624 2517 tergo).
649 2434 801 2497 Discretis
824 2435 965 2496 dominis
988 2436 1027 2498 N.
1050 2435 1090 2496 de
1114 2435 1506 2518 Cherzweczzenthpeter,
1530 2437 1570 2498 N.
1588 2436 1627 2496 de

365 2542 481 2622 Crisi0,
505 2543 544 2604 N.
569 2542 609 2602 de
633 2541 783 2622 Gragena
806 2555 837 2603 et
869 2543 909 2602 N.
933 2541 973 2602 de
998 2541 1207 2623 Powsahegb,
1240 2534 1446 2605 eccle'siarum
1470 2543 1627 2625 plebanis,

365 2649 458 2710 nobis
481 2649 514 2710 in
539 2647 666 2710 Christo
690 2649 811 2710 sincere
835 2647 969 2709 dilectis.
1002 2647 1126 2710 Citacio
1150 2650 1375 2731 peremptoria.

471 2770 675 2837 (Testimonium
685 2769 850 2823 executionis
866 2771 995 2836 atergo):
1020 2754 1205 2816 Secundum
1233 2755 1420 2818 mandatum
1444 2755 1530 2816 citati
1555 2768 1629 2815 sunt

367 2862 400 2924 in
425 2859 506 2922 sesto
531 2861 630 2922 sancti
660 2860 814 2923 lobannis
838 2861 973 2943 baptiste
1005 2861 1046 2922 ad
1070 2858 1182 2922 feriam
1209 2861 1381 2923 secundam
1415 2873 1488 2945 post
1512 2859 1629 2922 festum

367 2967 561 3030 visitacionis
586 2967 685 3029 Maris
710 2987 767 3050 per
790 2987 849 3029 nos
871 2967 1028 3049 plebanos
1051 2967 1253 3048 presentibus
1275 2968 1503 3050 intrascriptos.

473 3124 610 3191 originale
636 3126 660 3175 in
685 3126 783 3178 oharta.
811 3126 831 3176 Α
850 3131 928 3190 tergo
948 3125 1091 3190 vestigium
1110 3125 1235 3190 inpressi
1254 3125 1345 3191 sigilli.
1372 3124 1400 3175 ln
1419 3123 1516 3176 archiv.
1536 3123 1630 3175 bonor.

367 3216 464 3280 colleg.
483 3214 658 3266 Praebendar.

971 3408 1030 3474 22.

473 3569 547 3620 Anno
569 3567 643 3630 1503,
663 3568 705 3620 20.
726 3565 838 3632 augusti.
858 3564 1014 3630 Zagrabiae.

364 3695 520 3772 lohannes
550 3693 658 3768 Sovan,
683 3695 882 3765 tricesimator,
905 3694 1039 3750 telonaicm
1069 3690 1192 3767 capabili
1218 3693 1348 3752 conducit
1368 3696 1578 3770 polliceturque
1605 3715 1634 3754 se

655 3799 687 3859 in
710 3801 813 3857 telont'o
835 3799 973 3873 exigendo
996 3817 1071 3856 nova
1094 3819 1151 3856 non
1174 3801 1342 3860 allaturam,

482 3943 551 4022 Ego
580 3939 741 4002 lohannes
776 3939 894 4002 Sowan
930 3941 1041 4002 Pastor
1071 3940 1111 4001 de
1146 3939 1325 4020 Florencia,
1359 3940 1570 4002 tricesimator
1603 3955 1634 4001 et

372 4047 565 4110 inhabitator
589 4046 724 4108 civitatis
740 4046 1031 4126 Montisgrecensis,
1048 4044 1149 4109 fateor
1172 4065 1229 4128 per
1251 4045 1310 4108 hec
1333 4065 1448 4107 manus
1471 4065 1544 4108 mee
1560 4048 1634 4108 sub-

372 4153 548 4236 scripsione
572 4167 602 4216 et
625 4151 687 4213 fide
713 4152 872 4213 mediante
898 4172 969 4214 mea
994 4153 1163 4214 christiana
1190 4152 1356 4235 polliceor,
1379 4153 1468 4234 quod
1493 4153 1525 4214 in
1550 4151 1634 4214 facto

373 4260 482 4322 tributi
523 4281 579 4321 seu
611 4259 746 4320 thelonii
788 4259 1003 4339 zagrabiensis
1039 4257 1118 4320 mihi
1157 4279 1212 4341 per
1247 4259 1446 4320 venerabiles
1484 4259 1635 4320 dominos

374 4365 549 4448 capitulum
573 4366 779 4447 zagrabiense
803 4385 861 4447 pro
886 4364 953 4427 CC.
970 4365 1039 4427 flor.
1056 4385 1115 4447 pro
1138 4365 1255 4448 paratis
1272 4365 1415 4448 pecuniis
1432 4365 1464 4426 in
1481 4365 1636 4426 arendam

374 4472 456 4534 infra
491 4471 586 4534 unius
616 4473 692 4534 anni
725 4471 965 4534 revolucionem
997 4471 1061 4532 dati
1094 4483 1125 4532 et
1155 4470 1261 4550 locati,
1286 4471 1390 4532 nullas
1421 4471 1580 4533 novitates
1606 4485 1636 4532 et

374 4577 622 4640 adinvenciones
645 4579 845 4640 inconsvetas
868 4577 1018 4660 incipiam
1043 4597 1101 4638 nec
1125 4576 1277 4639 innovare
1302 4576 1417 4638 faciam
1441 4597 1497 4638 seu
1521 4597 1636 4660 procu·

374 4685 463 4762 rabo,
480 4683 558 4764 quin
581 4683 693 4766 pocius
715 4683 786 4746 illas
810 4684 1011 4745 inconsvetas
1033 4683 1144 4745 tributi
1168 4683 1363 4766 exacciones‚
1381 4703 1460 4765 quas
1483 4682 1548 4764 jam
1568 4682 1637 4745 ¹fere

376 4811 393 4851 a
416 4790 518 4850 tribus
541 4789 632 4850 annis
657 4790 850 4850 innovarunt
882 4802 990 4850 contra
1013 4789 1227 4871 preiudicium
1251 4790 1350 4872 ipsius
1372 4789 1514 4872 capituli,
1537 4787 1637 4851 refor-

377 4915 475 4974 mare,
485 4895 655 4957 emendare
674 4910 704 4957 et
720 4896 888 4976 integrare,
899 4915 1149 4978 recuperareque
1170 4895 1246 4957 volo
1263 4916 1297 4957 ac
1315 4897 1415 4957 eciam
1433 4896 1636 4958 exaccionem

376 5002 476 5086 ipsius
499 5002 608 5064 tributi
633 5022 688 5064 seu
713 5003 848 5064 thelonii
865 5003 950 5065 iuxta
968 5002 1233 5065 consvetudinem
1249 5017 1280 5065 et
1295 5003 1474 5065 laudabiles
1491 5004 1636 5066 eiusdem
