3808 5792
645 533 718 590 Doc.
744 543 811 608 175.
841 565 883 576 -
908 533 964 592 An.
988 544 1075 608 1523.
1432 554 1489 597 221

223 777 286 839 que
311 757 344 818 in
368 757 682 840 prosequucionibus
707 757 884 821 earundem
909 777 1076 820 causarum
1100 757 1167 821 fieri
1196 775 1327 842 possent
1355 781 1494 843 parcere,

223 863 352 926 easdem
378 884 499 943 causas,
523 865 595 926 lites
620 877 650 926 et
674 864 964 926 controversiarum
996 865 1145 926 materias
1179 863 1298 928 lactum
1331 867 1496 930 dumtaxat

223 984 353 1030 actuum
375 971 647 1051 potenciariorum
680 982 848 1052 tangentes
881 982 911 1031 et
949 985 1178 1034 concernentes
1212 972 1378 1054 hucusque
1414 975 1495 1036 inter

224 1075 329 1156 ipsum
354 1076 525 1138 dominum
550 1077 738 1158 episcopum
763 1090 793 1137 et
826 1075 993 1137 ecclesiam
1028 1095 1118 1138 suam
1151 1077 1326 1160 predictam
1358 1099 1394 1141 ac
1425 1101 1495 1162 pre-

224 1179 324 1243 latum
349 1182 536 1263 capitulum,
560 1181 773 1263 hominesque
797 1201 833 1243 ac
866 1182 1037 1243 servitores
1060 1195 1091 1244 et
1115 1181 1304 1264 jobagiones
1338 1185 1495 1248 dictarum

224 1288 367 1369 parcium
392 1307 604 1369 quoscunque
630 1288 670 1349 ad
695 1287 779 1368 ipsas
810 1288 1016 1369 pertinentes,
1048 1288 1318 1372 qualitercunque
1351 1305 1382 1352 et
1415 1312 1494 1373 quo-

225 1393 456 1476 modocunque
480 1414 516 1456 ac
542 1393 726 1475 ubicunque
751 1407 855 1456 motas
871 1407 902 1455 et
918 1395 1074 1471 subortas,
1088 1395 1227 1478 demptis
1242 1397 1344 1458 causis
1360 1399 1494 1479 preben-

223 1499 387 1562 dariorum
400 1501 533 1562 ecclesie
546 1513 711 1582 prenotate
725 1519 761 1562 ac
774 1500 845 1561 aliis
858 1499 976 1562 lactum
986 1501 1188 1582 proprietatis
1198 1503 1263 1564 sive
1276 1505 1496 1586 perpetuitatis

222 1605 439 1686 tangentibus,
454 1606 616 1684 revisioni,
633 1606 816 1687 cognicioni
831 1619 861 1668 et
871 1605 1118 1687 adjudicacioni,
1131 1607 1286 1689 finalique
1296 1609 1495 1672 conclusioni

224 1712 343 1793 egregii
368 1712 511 1793 magistri
537 1711 691 1795 Stephani
707 1711 892 1795 Hentczlffy
910 1711 949 1774 de
968 1713 1132 1775 Petrowcz
1156 1713 1271 1796 judicis
1298 1716 1385 1776 curie
1409 1717 1495 1798 regie

224 1837 260 1878 ac
284 1819 360 1879 dicti
386 1818 476 1899 regni
501 1818 674 1880 Sclauonie
700 1818 935 1900 prothonotarii
969 1838 1027 1880 nec
1060 1839 1127 1880 non
1161 1834 1321 1882 certorum
1351 1821 1493 1902 judicum

225 1924 385 1986 nobilium
402 1945 438 1986 ac
455 1924 631 2004 juratorum
649 1943 845 1988 assessorum
862 1925 1033 1986 comitatus
1049 1925 1265 2006 zagrabiensis
1281 1945 1338 2008 per
1354 1927 1493 1988 eundem

223 2031 410 2110 magistrum
436 2030 634 2112 Stephanum
658 2031 938 2114 prothonotarium
956 2051 1054 2112 penes
1069 2051 1103 2094 se
1117 2031 1341 2113 eligendorum
1354 2031 1495 2094 duxisset

223 2137 467 2216 submittendas,
492 2137 592 2199 immo
616 2137 763 2199 submisit
787 2156 826 2198 eo
851 2136 961 2216 mod0,
986 2149 1020 2198 ut
1051 2137 1202 2219 quitquid
1227 2137 1312 2200 idem
1345 2140 1495 2220 magister

225 2243 406 2325 Stephanus
442 2243 630 2326 Henczelffy
654 2243 916 2326 prothonotarius
952 2255 983 2304 et
1007 2243 1061 2304 alii
1085 2245 1270 2327 praescripti
1304 2243 1381 2305 seria
1408 2257 1495 2306 sexta

224 2350 369 2432 proxima
392 2363 464 2431 post
485 2348 600 2412 festum
627 2349 882 2432 Epiphaniarum
911 2349 1037 2411 domini
1062 2369 1147 2410 nunc
1171 2363 1342 2411 venturum
1368 2363 1399 2412 et
1422 2351 1495 2412 aliis

224 2456 338 2517 diebus
362 2456 402 2517 ad
426 2455 458 2518 id
482 2457 564 2538 aptis
589 2469 620 2518 et
644 2454 879 2516 sufficientibus
903 2455 955 2516 hic
980 2456 1135 2536 Zagrabie
1169 2455 1201 2516 in
1226 2456 1339 2534 causis,
1371 2456 1493 2536 litibus,

225 2561 428 2641 differenciis,
453 2563 808 2643 controversiarumque
840 2561 981 2623 materiis
1005 2562 1037 2622 in
1072 2561 1275 2644 pretitulatis,
1307 2560 1425 2624 factum
1460 2575 1495 2624 ut

225 2667 382 2750 prefertur
405 2681 534 2730 actuum
562 2668 834 2751 potenciariorum
850 2667 1057 2750 tangentium
1076 2681 1107 2728 et
1124 2667 1264 2749 exceptis
1282 2667 1377 2729 dictis
1393 2669 1496 2730 causis

225 2775 512 2857 prebendariorum
548 2788 579 2837 et
613 2775 685 2837 aliis
720 2793 815 2856 supra
855 2773 1015 2836 denotatis
1049 2771 1193 2850 lecerint,
1229 2773 1495 2870 adiudicaverint,

226 2881 485 2963 judicialiterque
517 2880 766 2943 deliberaverint
797 2900 833 2942 ac
869 2879 1007 2942 finaliter
1039 2878 1254 2940 concluserint
1289 2893 1320 2940 et
1344 2881 1494 2942 termina-

225 2987 329 3048 verint
353 2987 385 3048 id
409 3001 506 3068 atque
530 3007 567 3048 ea
591 2987 700 3048 omnia
725 3005 784 3068 pro
808 2999 888 3065 rato,
912 2998 1013 3066 grato,
1032 2983 1125 3046 firmo
1143 2971 1240 3065 atque
1265 2985 1495 3048 inviolabiliter

225 3093 395 3154 observare
420 3093 627 3175 promisisset,
652 3093 863 3174 promisitque
897 3110 1005 3153 coram
1039 3090 1133 3152 nobis
1167 3089 1282 3152 harum
1315 3105 1495 3154 nostrarum

226 3199 336 3281 vigore
361 3213 392 3260 et
416 3200 601 3260 testimonio
626 3197 803 3259 litterarum
831 3197 1005 3275 mediante,
1030 3215 1109 3277 quas
1133 3194 1240 3276 sigillo
1265 3216 1351 3258 novo
1376 3199 1495 3280 egregii

226 3305 317 3366 Pauli
343 3304 532 3386 Kerecheny
556 3303 595 3367 de
620 3303 854 3386 Kanyalewlde
878 3302 1023 3364 vicebani
1048 3315 1079 3363 et
1103 3301 1229 3362 comitis
1262 3303 1361 3364 nostri
1386 3324 1494 3385 zagra-

227 3411 345 3473 biensis
368 3411 502 3474 fecimus
527 3411 718 3492 consignari.
745 3411 862 3472 Datum
887 3409 1042 3491 Zagrabie
1067 3408 1099 3468 in
1123 3407 1233 3488 vigilia
1259 3405 1329 3470 festi
1355 3409 1494 3491 Epipha-

226 3518 353 3579 niarum
378 3517 513 3597 domini,
547 3537 632 3579 anno
657 3517 802 3578 eiusdem
838 3515 1011 3577 millesimo
1044 3512 1304 3595 quingentesimo
1338 3515 1494 3596 vigesimo

226 3624 337 3686 tercio.

333 3731 353 3778 E
372 3733 540 3792 transumpto
559 3725 669 3793 Joannis
690 3727 816 3792 Torquati
836 3728 907 3794 baal,
926 3728 951 3779 ia
973 3729 1070 3779 charta.
1091 3727 1118 3778 la
1143 3727 1241 3778 archiv.
1268 3727 1393 3778 venerab.
1423 3724 1494 3788 tapi-

226 3817 274 3868 tuli
295 3818 401 3882 zagrab.
423 3819 480 3868 Act.
502 3818 587 3880 Capit.
611 3822 662 3868 ant.
684 3817 748 3866 lasc.
768 3817 808 3867 67.
829 3831 865 3868 nr.
887 3819 911 3869 9.

822 4098 901 4165 175.
925 4134 927 4139 ·
993 4094 996 4102 ’

334 4269 410 4318 Anao
433 4266 507 4319 1523.
528 4265 690 4331 §.januarii
713 4263 869 4330 Zagrabiae.

234 4414 398 4487 Capitulum
421 4413 542 4485 aogrob.
565 4411 686 4469 nuntiat
718 4427 812 4468 omnes
842 4427 910 4466 suos
944 4427 1056 4482 cousos,
1088 4426 1163 4482 quos
1186 4406 1325 4463 adversos
1352 4403 1494 4462 Sinonem

293 4521 450 4593 episcopum
473 4519 543 4592 agit,
565 4515 677 4589 judicio
692 4517 891 4588 protonotarii
911 4517 996 4588 regni
1018 4513 1178 4574 Slooom'oe
1200 4530 1229 4570 se
1245 4511 1424 4586 perirtitisse.

334 4674 402 4736 Nos
425 4674 599 4756 capitulum
624 4671 757 4734 ecclesie
781 4669 1007 4751 zagrabiensis.
1041 4669 1196 4730 Memorie
1228 4665 1494 4728 commendamus

229 4800 286 4862 per
308 4793 481 4862 presentes,
506 4779 594 4861 quod
619 4777 766 4859 quamvis
790 4777 953 4837 internos
976 4789 1007 4836 et
1040 4773 1203 4840 nonnulos
1238 4771 1417 4849 servitores,
1450 4769 1494 4830 l·

229 4887 371 4948 miliares
394 4899 424 4948 et
447 4885 636 4968 jobagiones
659 4895 795 4960 nostros,
820 4881 1018 4962 ecclesieque
1041 4893 1149 4942 nostre
1184 4879 1223 4940 ab
1249 4897 1323 4956 una,
1347 4897 1383 4938 ac
1407 4895 1494 4937 reve·

229 4992 456 5056 rendissimum
481 4990 651 5054 dominum
686 4989 853 5051 Simonem
888 4987 928 5050 de
965 4986 1103 5048 Erdewd
1139 4984 1327 5067 episcopum
1362 4981 1494 5044 ecclesie
