3808 5792
518 921 591 972 Anno
612 917 690 971 1523.
711 919 724 968 5
756 917 891 969 februarii.
914 917 1003 970 Crisii.

419 1048 626 1106 Commueu'tate
648 1045 773 1102 ciuitatis
793 1053 922 1118 rogante,
945 1054 980 1104 ut
992 1046 1071 1120 fiaes
1080 1047 1291 1119 possessionum
1308 1047 1515 1120 restituantur,
1525 1047 1684 1121 Jerhannes

417 1156 584 1229 Torquatus
606 1153 698 1210 banus
731 1152 855 1225 capitula
887 1151 1027 1210 dasmenst'
1043 1153 1198 1226 praecipit,
1235 1160 1268 1208 ut
1300 1153 1425 1224 legatam
1462 1171 1544 1209 seeum
1577 1154 1680 1214 mittat,

516 1292 638 1354 Amicis
661 1292 727 1353 suis
750 1291 933 1353 reverendis
957 1291 1098 1373 capitulo
1123 1291 1256 1353 ecclesie
1280 1291 1486 1368 chasmensis
1520 1291 1681 1352 Johannes

413 1398 601 1479 Torquatus
626 1417 734 1458 comes
758 1396 922 1459 Corbauie
946 1417 982 1457 ac
1007 1415 1180 1477 regnorum
1198 1397 1374 1475 Dalmaeie,
1392 1396 1527 1459 Croacie
1544 1411 1575 1457 et
1593 1397 1681 1458 Scla-

413 1505 510 1565 uonie
534 1505 645 1581 banus,
670 1503 848 1564 amiciciam
874 1517 1015 1584 paratam
1042 1522 1114 1564 cum
1139 1503 1272 1564 honore.
1290 1503 1414 1563 Dicitur
1437 1503 1531 1564 nobis
1554 1503 1586 1564 in
1610 1521 1679 1584 per-

412 1611 499 1671 sonis
523 1609 716 1691 prudentum
741 1621 771 1670 et
795 1609 1101 1690 circumspectorum
1133 1607 1248 1690 judicis
1281 1622 1312 1670 et
1347 1607 1524 1688 juratorum
1560 1620 1680 1670 cetero·

412 1735 548 1796 rumque
573 1715 690 1776 civium
717 1714 855 1775 civitatis
878 1715 997 1776 montis
1022 1713 1200 1791 Grecensis,
1233 1714 1400 1795 quomodo
1433 1715 1547 1776 eadem
1572 1714 1681 1802 civitas

412 1823 554 1902 ipsorum
579 1821 814 1903 exponencium
840 1840 933 1882 mons
959 1820 1129 1882 Grecensis
1153 1821 1184 1881 in
1219 1821 1373 1882 comitatu
1405 1819 1603 1901 zagrabiensi
1627 1840 1679 1880 ex-

412 1927 519 2004 istens,
543 1947 629 1988 nunc
654 1927 739 2009 apud
772 1946 886 1988 manus
917 1927 1107 1989 eorumdem
1139 1927 1374 2009 exponencium
1399 1926 1529 2008 pacifice
1561 1926 1678 2004 habite,

410 2032 568 2116 legittima
593 2034 855 2095 reambulacione
891 2047 922 2097 et
956 2053 1112 2095 novarum
1150 2047 1309 2094 metarum
1345 2033 1510 2096 ereccione
1546 2033 1679 2094 circum-

410 2159 537 2220 quaque
563 2139 740 2221 plurimum
768 2139 942 2222 indigeret;
968 2159 1063 2222 super
1087 2159 1153 2221 quo
1186 2153 1321 2202 vestram
1355 2139 1533 2201 amiciciam
1565 2139 1677 2200 harum

409 2245 489 2306 serie
514 2245 654 2327 petimus
675 2246 857 2327 diligenter,
889 2261 1048 2327 quatenus
1079 2259 1219 2309 vestrum
1255 2247 1387 2308 mittatis
1422 2245 1588 2308 hominem
1619 2264 1678 2326 pro

408 2351 593 2413 testimonio
618 2350 829 2432 fidedignum‚
854 2371 920 2434 quo
944 2366 1090 2434 presente
1108 2353 1261 2414 Nicolaus
1278 2352 1317 2415 de
1335 2353 1477 2429 Pezeri0,
1494 2353 1543 2412 sin
1561 2351 1680 2412 Paulus

409 2460 448 2518 de
472 2458 642 2539 Nezpessa,
667 2457 718 2518 vel
744 2457 906 2519 lohannes
930 2457 969 2519 de
993 2457 1106 2520 eadem
1130 2478 1187 2520 seu
1211 2457 1290 2542 alter
1324 2457 1485 2519 lohannes
1517 2458 1614 2540 Parys
1637 2456 1678 2516 de

409 2563 616 2642 Adamowcz,
641 2563 707 2626 sive
740 2563 902 2644 Georgius
934 2564 1117 2646 Barbarych
1150 2564 1189 2624 de
1214 2565 1404 2625 Jazenowcz
1438 2577 1493 2625 aut
1516 2561 1681 2624 lohannes

409 2669 529 2750 Sampo
553 2667 592 2728 de
618 2667 883 2751 Thoplychycza,
908 2669 979 2730 aliis
1003 2671 1198 2748 absentibus,
1222 2669 1322 2730 homo
1346 2682 1464 2747 noster,
1488 2669 1527 2730 ad
1561 2667 1676 2730 faciem

408 2774 491 2835 dicte
516 2774 652 2836 civitatis
676 2775 796 2836 montis
821 2773 990 2836 Grecensis
1014 2775 1127 2837 vicinis
1144 2789 1175 2837 et
1191 2776 1422 2837 commetaneis
1440 2774 1584 2836 eiusdem
1606 2773 1679 2834 uni-

408 2880 506 2942 versis
530 2880 610 2941 inibi
635 2880 791 2961 legittime
815 2882 999 2942 convocatis
1022 2895 1052 2942 et
1075 2881 1275 2963 presentibus
1300 2881 1465 2959 accedens,
1497 2881 1679 2942 reambulet

407 2985 543 3048 eandem
578 2986 739 3048 civitaten:
764 2987 1016 3068 circumquaque
1040 3006 1096 3069 per
1120 3007 1192 3048 suas
1216 3006 1306 3047 veras
1330 2999 1361 3048 et
1384 2986 1533 3067 antiquas
1566 3000 1677 3064 metas,

407 3111 507 3154 novas
531 3091 616 3171 juxta
641 3105 764 3154 veteres
789 3093 821 3154 in
847 3093 927 3154 locis
960 3092 1147 3154 necessariis
1178 3093 1343 3173 erigendo,
1377 3092 1677 3173 reambulatamque

407 3211 438 3258 et
461 3200 500 3258 ab
524 3198 665 3259 aliorum
691 3197 813 3274 juribus
837 3199 1095 3280 possessionariis
1117 3199 1274 3260 metaliter
1291 3212 1470 3280 separatam
1492 3213 1523 3259 et
1546 3199 1677 3260 distinc-

405 3317 470 3364 tam
494 3303 667 3383 relinquat,
693 3317 875 3385 statuatque
900 3305 1035 3366 eandem
1060 3302 1190 3386 prelatis
1213 3305 1449 3385 exponentibus
1465 3303 1534 3385 jure
1551 3304 1675 3365 eisdem

405 3409 611 3470 incumbente
650 3423 807 3490 perpetuo
843 3410 1081 3492 possidendam,
1117 3410 1142 3470 si
1181 3429 1246 3470 non
1291 3408 1386 3470 luerit
1420 3410 1676 3486 contradictum

405 3513 659 3576 contradictores
681 3535 769 3591 vero,
793 3516 818 3576 si
851 3517 905 3596 qui
931 3515 1059 3593 luerint,
1091 3527 1203 3577 evocet
1234 3514 1362 3576 eosdem
1396 3529 1505 3577 contra
1537 3514 1678 3597 prefatos

405 3632 606 3703 exponentes
630 3635 770 3682 nostram
796 3622 828 3682 in
862 3623 1058 3703 presenciam
1091 3641 1126 3682 ac
1159 3635 1286 3682 octavas
1319 3620 1389 3682 festi
1421 3621 1676 3703 Epiphaniarum

405 3727 529 3788 domini
554 3727 699 3808 proxime
724 3727 848 3788 venturi
873 3727 904 3788 in
929 3727 1038 3789 sedem
1070 3727 1322 3808 zagrabiensem,
1355 3727 1517 3789 racionem
1549 3741 1675 3789 contra·

404 3833 559 3895 diceionis
586 3852 698 3894 eorum
723 3833 915 3910 reddituros,
940 3847 970 3894 et
993 3845 1065 3914 post
1089 3832 1147 3893 hec
1170 3832 1356 3894 huiusmodi
1391 3833 1672 3904 reambulacionis‚

405 3953 562 4001 metarum
588 3939 763 4000 ereccionis
793 3951 823 4000 et
856 3939 1042 4000 statucionis
1077 3939 1191 4000 seriem
1228 3957 1301 3999 cum
1333 3938 1478 4020 cursibus
1514 3953 1674 4001 metarum

406 4045 483 4105 inibi
509 4043 746 4124 erigendarum,
770 4045 1107 4125 contradictorumque
1132 4057 1162 4105 et
1186 4057 1404 4124 evocatorum,
1428 4044 1525 4125 siqui
1544 4043 1675 4122 fuerint,

405 4150 651 4230 vicinorumque
676 4165 707 4211 et
731 4165 937 4212 evocatorum
962 4164 1270 4228 commetaneorum,
1295 4149 1350 4230 qui
1384 4150 1537 4230 premisse
1569 4169 1674 4211 ream·

403 4256 567 4317 bulacioni
594 4269 625 4316 et
649 4256 820 4317 statucioni
845 4257 1021 4318 intererunt
1046 4255 1242 4332 nominibus,
1274 4269 1402 4316 octavas
1433 4254 1472 4316 ad
1503 4255 1674 4336 predictas,

403 4375 437 4422 ut
461 4359 556 4422 luerit
580 4361 762 4442 expediens,
787 4361 881 4422 nobis
905 4381 964 4422 suo
990 4362 1088 4422 modo
1113 4361 1324 4424 amicabiliter
1340 4361 1519 4422 rescribatis
1545 4361 1577 4422 in
1603 4362 1671 4423 dic·

402 4479 466 4526 tam
492 4465 602 4526 sedem
619 4467 868 4546 zagrabiensem.
887 4467 1052 4530 Prosentes
1075 4481 1184 4528 autem
1207 4467 1314 4548 sigillo
1332 4485 1417 4528 novo
1434 4467 1552 4547 egregii
1579 4466 1672 4528 Pauli

403 4571 590 4652 Kerecheny
616 4571 655 4631 de
695 4571 936 4654 Kanyatlewlde
971 4573 1117 4634 vicebani
1153 4587 1184 4634 et
1215 4572 1342 4634 comitis
1377 4572 1476 4633 nostri
1510 4572 1672 4633 crisiensis

402 4675 535 4737 lecimus
559 4675 749 4757 consignari.
775 4678 892 4740 Datum
917 4678 1013 4740 Crisii
1038 4677 1116 4740 feria
1140 4679 1252 4760 quinta
1276 4677 1420 4760 proxima
1443 4691 1516 4739 ante
1547 4663 1665 4740 festum

404 4783 495 4842 beate
521 4781 683 4843 Dorothee
709 4785 840 4865 virginis
864 4798 894 4844 et
918 4785 1065 4847 martiris.
1090 4785 1187 4847 Anno
1219 4784 1343 4846 domini
1374 4784 1547 4846 millesimo
1576 4784 1672 4866 quin·

402 4888 581 4968 gentesimo
606 4889 762 4969 vigesimo
786 4891 895 4951 tercio.
