3732 5802
648 546 720 606 Dec.
744 560 795 624 95.
824 582 863 592 —
888 549 943 608 An.
969 559 1055 622 1511.

817 777 878 843 95.

322 937 397 987 Anno
420 935 494 1000 1511,
514 935 555 986 30.
575 933 689 999 augusti.
709 932 867 999 Zegrabiee.

213 1076 360 1154 Alteros,
378 1079 564 1153 praepositus
584 1078 706 1151 capitali
722 1077 920 1152 sagrabiensis
942 1085 971 1135 et
991 1077 1136 1150 Andreas,
1156 1081 1338 1152 praepositus
1361 1079 1488 1154 caprasii

212 1185 375 1255 dusmensis,
393 1185 532 1243 nuntiant
549 1184 674 1241 11111111
687 1191 771 1257 popa
791 1183 884 1240 missis
901 1183 958 1240 sibi
967 1183 1141 1257 facultatem
1162 1185 1292 1242 ecclcsiae
1308 1186 1486 1259 parochialis

567 1308 589 1349 s.
612 1289 741 1348 Emm'ci
760 1288 923 1349 diruendae
946 1307 1006 1348 esse
1029 1288 1138 1346 datam.

321 1445 473 1508 Albertus
497 1445 628 1508 ecclesie
652 1445 869 1528 zagrabiensis
888 1459 919 1507 et
935 1445 1081 1507 Andreas
1102 1445 1218 1508 artium
1236 1461 1267 1508 et
1285 1448 1484 1510 decretorum

215 1552 340 1631 doctor,
365 1571 423 1615 nec
457 1571 521 1613 non
553 1572 639 1613 sacre
671 1551 836 1634 theologie
868 1551 1039 1634 professor,
1065 1551 1198 1613 ecclesie
1230 1554 1328 1614 sancti
1357 1555 1486 1636 spiritus

213 1658 421 1738 chasmensis,
444 1659 609 1741 prepositi,
632 1671 663 1720 et
698 1659 844 1720 canonici
875 1655 996 1740 prolate
1029 1657 1161 1720 ecclesie
1194 1658 1419 1740 zagrabiensis,
1453 1661 1485 1722 in

213 1784 378 1845 causaque
410 1776 441 1825 et
472 1764 574 1826 causis
599 1761 732 1826 inferius
759 1764 926 1846 descriptis
950 1777 981 1825 et
1005 1762 1164 1825 denotatis
1188 1783 1247 1846 pro
1271 1777 1358 1846 parte
1383 1765 1484 1828 hono-

212 1871 323 1932 rabilis
347 1870 478 1952 capituli
502 1882 533 1932 et
556 1870 786 1932 canonicorum
807 1870 890 1930 dicte
917 1869 1050 1930 ecclesie
1070 1869 1284 1949 zagrabiensis
1302 1884 1486 1934 executores

214 1989 245 2036 et
268 1975 482 2038 commissarii
506 1995 524 2037 1
548 1975 623 2037 sede
647 1975 823 2058 apostolica
847 1974 1028 2057 specialiter
1055 1974 1147 2036 electi
1172 1987 1202 2036 et
1226 1975 1379 2058 deputati.
1407 1975 1485 2040 Uni·

214 2083 313 2142 versis
345 2093 377 2143 et
407 2081 542 2162 singulis
573 2093 735 2163 presentes
768 2081 888 2142 litteras
915 2093 1039 2142 nostras
1062 2080 1188 2159 visuris,
1212 2080 1342 2142 lecturis
1367 2095 1397 2142 et
1421 2081 1484 2164 legi

213 2187 373 2249 audituris
403 2187 538 2248 salutern
570 2187 602 2248 in
633 2185 767 2248 domino
791 2185 1029 2267 sempiternam.
1054 2185 1225 2265 Noveritis,
1251 2206 1310 2248 nos
1334 2187 1374 2248 de
1398 2207 1483 2248 anno

214 2293 340 2354 domini
363 2292 538 2354 millesimo
561 2291 819 2374 quingentesimo
841 2291 1024 2371 undecimo,
1037 2291 1196 2352 tricesima
1213 2293 1332 2354 mensis
1348 2295 1485 2374 augusti,

215 2399 393 2461 indictione
412 2397 536 2460 decima
553 2410 676 2479 quarta,
689 2396 892 2480 pontificatus
904 2395 1037 2479 (autem)
1053 2397 1241 2458 sanctissimi
1259 2397 1382 2460 domini
1397 2399 1484 2477 Julii,

214 2505 325 2566 divina
349 2503 557 2587 providencia
581 2523 662 2586 pape
686 2503 829 2582 secundi,
855 2522 941 2565 anno
965 2516 1090 2582 octavo,
1120 2503 1152 2564 in
1175 2503 1248 2565 loco
1273 2505 1483 2566 consistoriali

214 2611 348 2694 capituli
384 2609 517 2673 ecclesie
553 2609 768 2692 zagrabiensis
799 2609 950 2692 predicte,
983 2629 1090 2671 coram
1122 2609 1254 2672 notariis
1290 2622 1321 2671 et
1351 2611 1485 2672 testibus

213 2717 413 2799 subscriptis,
438 2715 588 2778 mandata
614 2715 754 2798 quedam
779 2715 954 2797 apostolica
979 2714 1055 2794 duo,
1073 2733 1174 2776 unum
1200 2716 1231 2776 in
1255 2713 1357 2778 forma
1375 2716 1485 2778 Brevis

214 2825 274 2884 sub
300 2822 408 2904 sigillo
431 2823 597 2904 piscatoris
624 2841 697 2883 cum
721 2821 955 2904 supplicatione
980 2821 1153 2882 introclusa
1170 2835 1372 2899 emanatum3
1396 2822 1484 2884 aliud

215 2931 275 2991 sub
299 2929 436 3012 plumbo
460 2928 493 2990 in
518 2928 650 2990 cordula
675 2927 804 3010 canapis
827 2927 999 3010 pendente,
1025 2927 1171 2988 similiter
1196 2927 1391 3010 expeditum,
1409 2949 1484 2991 sana

216 3049 247 3098 et
279 3036 413 3118 integra,
444 3055 510 3097 non
545 3035 668 3114 abrasa,
701 3053 766 3096 non
802 3033 987 3112 cancellata,
1019 3053 1077 3096 nec
1111 3033 1143 3094 in
1175 3033 1283 3115 aliqua
1316 3035 1365 3096 sui
1396 3049 1484 3117 parte

215 3141 331 3203 viciata
351 3141 441 3203 omni
463 3141 603 3222 denique
620 3159 749 3222 prorsus
773 3137 899 3201 delectu
917 3151 948 3200 et
964 3139 1145 3221 suspicione
1163 3140 1302 3202 carentia
1318 3160 1375 3222 per
1390 3160 1485 3202 vene-

217 3247 352 3309 rabilem
385 3247 552 3309 dominum
579 3246 734 3308 Mathiam
758 3247 912 3308 lectorem
936 3259 967 3308 et
991 3245 1182 3307 canonicum
1207 3243 1328 3327 prefate
1353 3245 1485 3308 ecclesie

217 3353 434 3436 zagrabiensis
466 3365 707 3435 procuratorem
739 3352 771 3414 in
803 3350 862 3413 hac
895 3363 984 3434 parte
1009 3351 1201 3434 legittimum
1227 3351 1330 3413 tocius
1354 3352 1484 3435 capituli

219 3473 250 3522 et
274 3459 506 3521 canonicorum
539 3458 622 3520 dicte
646 3459 778 3520 ecclesie
807 3457 1031 3540 zagrabiensis,
1056 3457 1096 3518 de
1120 3458 1210 3518 cuius
1234 3457 1386 3519 mandato
1412 3478 1485 3539 pro-

218 3565 391 3644 curatorio,
408 3564 566 3646 legittimo
590 3577 621 3626 et
643 3563 812 3626 sufficienti
834 3563 927 3626 nobis
949 3561 1027 3624 fides
1049 3562 1144 3644 plena
1161 3577 1192 3624 et
1208 3563 1386 3625 indubitata
1404 3561 1485 3625 lacta

217 3685 314 3752 atque
348 3669 491 3732 adhibita
516 3683 572 3749 est,
598 3670 682 3750 data,
706 3671 812 3733 oblata
838 3681 933 3750 atque
958 3669 1128 3750 assignata,
1152 3669 1318 3750 recepisse,
1342 3683 1485 3751 petentes

218 3797 277 3838 nos
301 3775 410 3838 debita
434 3795 506 3838 cum
531 3775 691 3854 instantia,
708 3788 743 3836 ut
766 3775 805 3837 ad
830 3775 1052 3837 executionem
1073 3775 1215 3856 ipsorum
1234 3775 1318 3836 iuxta
1336 3775 1484 3836 commis·

218 3883 345 3944 sionem
369 3882 463 3943 nobis
486 3880 601 3943 factam
627 3881 779 3943 canonice
803 3881 976 3963 procedere
1004 3881 1221 3962 dignaremur.
1247 3880 1483 3962 Cuiusquidem

220 3987 331 4049 Brevis
353 4000 446 4049 tenor
479 3987 518 4048 de
543 3988 642 4049 verbo
667 3987 705 4050 ad
731 3988 864 4049 verbum
894 3987 1071 4049 contexitur
1096 3987 1127 4048 111
1152 3986 1236 4048 hunc
1261 3987 1316 4068 qui
1341 3988 1484 4068 sequitur

221 4093 376 4154 modum:
401 4091 485 4175 (vide
511 4093 590 4155 Doc.
617 4091 692 4175 93.).

326 4249 346 4300 E
366 4265 467 4302 coaevo
485 4255 651 4314 transumpta
670 4248 771 4302 Alberti
791 4255 817 4302 et
837 4251 956 4302 Andreae
976 4249 1032 4302 DD.
1052 4264 1146 4304 canon.
1169 4249 1196 4300 ln
1215 4248 1313 4304 archiv.
1326 4265 1384 4305 ven.
1399 4251 1484 4315 Capit.

221 4339 326 4402 tegrab.
