3732 5802
393 495 451 556 160
821 497 898 556 Doc.
925 512 995 574 130.
1019 499 1121 558 -Αη,
1149 498 1235 573 1516.

390 601 416 610 ,—
455 603 522 610 -,,
1074 605 1161 612 .—......
1181 606 1648 616 —--——-—--———...——-

385 724 565 805 scripturas,
590 723 768 805 privilegia,
782 723 920 786 ubilibet
942 725 1111 787 existencia
1136 740 1315 807 presentem
1339 747 1466 788 causam
1491 741 1522 789 et
1548 749 1661 790 causas

344 897 348 904 ,
387 830 565 910 tangencia,
589 830 707 910 quibus
731 830 825 912 plena
851 829 930 892 fides
959 831 1103 892 adhiberi
1139 832 1249 913 possit,
1273 831 1396 913 prelato
1432 833 1567 894 domino
1592 833 1657 896 De-

387 936 502 996 metrio
527 935 689 1017 preposito
713 937 764 997 vel
789 936 858 998 eius
882 936 1041 1017 legittimo
1066 938 1262 1018 procuratori
1281 937 1320 998 ad
1338 938 1459 1000 curiam
1481 938 1660 1020 legacionis

387 1040 560 1103 deferenda
584 1041 643 1102 sub
667 1041 759 1122 penis
782 1055 813 1103 et
837 1043 978 1103 censuris
1001 1043 1032 1103 in
1057 1043 1170 1105 litteris
1194 1044 1349 1124 expressis
1367 1044 1522 1106 extradari
1541 1065 1661 1107 monu-

388 1149 481 1209 imus.
507 1147 703 1209 Huiusmodi
729 1163 836 1210 autern
862 1161 967 1210 nostre
992 1149 1207 1228 execucionis,
1232 1149 1439 1211 inbibicionis
1462 1163 1493 1212 et
1523 1151 1660 1212 monici-

387 1254 458 1315 onis
495 1254 610 1315 seriem
653 1255 891 1315 conscienciose
927 1255 1155 1336 rescripsimus,
1188 1255 1302 1316 litteris
1336 1256 1448 1316 vestris
1483 1257 1515 1316 in
1550 1257 1660 1338 specie

386 1360 534 1422 remissis.
560 1359 677 1420 Datum
700 1360 856 1441 Zagrabie
881 1359 957 1421 feria
985 1360 1125 1421 secunda
1150 1359 1231 1421 infra
1256 1375 1384 1422 octavas
1420 1363 1661 1444 assumpcionis

386 1466 497 1528 Maris.
522 1469 617 1527 Anno
642 1465 766 1526 domini
791 1466 965 1527 millesimo
991 1466 1253 1547 quingentesimo
1277 1466 1453 1529 sedecimo.

447 1661 480 1712 56
491 1589 629 1654 originale
659 1589 687 1640 r'n
707 1589 797 1640 charta
826 1589 853 1640 ln
872 1590 969 1643 archiv.
989 1603 1046 1641 ven.
1065 1589 1151 1654 Capit.
1170 1591 1276 1655 zagrab.
1295 1590 1351 1642 Act.
1372 1591 1435 1654 Cap.
1455 1595 1508 1644 ant.
1528 1591 1593 1644 lass.
1613 1592 1658 1643 92.

387 1675 425 1714 ar.
483 1699 488 1708 .

979 1838 1065 1904 130.

491 1981 570 2030 Anno
591 1979 667 2030 1516.
691 1980 729 2030 ll.
750 1979 921 2044 septembris.
941 1979 1039 2030 Budae.

386 2107 415 2164 A
437 2105 596 2180 ludovice,
620 2107 721 2180 Hung.
746 2115 797 2167 etc.
822 2125 896 2179 rege,
923 2107 1142 2163 tricesr'malores
1170 2107 1371 2179 sagrabienses
1399 2110 1564 2166 tricasinam
1595 2128 1658 2166 ma-

378 2215 484 2289 jorem,
509 2231 596 2286 quam
619 2213 809 2286 praescnpta
839 2220 887 2282 est,
910 2232 929 2268 a
952 2213 1060 2270 civibus
1082 2221 1111 2270 et
1134 2231 1154 2269 a
1184 2213 1345 2271 hominibus
1378 2215 1503 2288 capriulo
1537 2215 1659 2274 surdus

811 2320 957 2392 exigentes
977 2318 1236 2396 reprehenduntur.

1042 2439 1331 2521 Commisslo'propria
1349 2441 1446 2492 domiai
1467 2441 1552 2505 regis.

492 2547 677 2609 Lodouicus
703 2547 754 2608 dei
779 2547 885 2628 gracia
909 2566 962 2607 rex
987 2546 1152 2628 Hungarie
1178 2559 1209 2608 et
1233 2546 1389 2609 Bohemie
1411 2560 1469 2610 etc.
1488 2547 1658 2610 Fidelibus

386 2654 501 2716 nostris
524 2654 661 2735 egregiis
696 2653 982 2716 tricesimatoribus
1013 2653 1130 2714 nostris
1165 2653 1426 2735 zagrabiensibus
1460 2653 1601 2716 salutem
1627 2668 1658 2716 et

385 2760 536 2840 graciam.
561 2760 796 2841 Scripseramus
820 2772 851 2820 et
879 2759 1146 2820 mandaveramus
1170 2759 1263 2821 vobis
1287 2759 1507 2842 superioribus
1530 2773 1657 2843 tempo·

386 2867 473 2928 ribus
496 2886 552 2948 per
575 2866 653 2927 alias
676 2867 796 2927 litteras
820 2877 944 2927 nostras
968 2878 1002 2926 ut
1026 2865 1109 2926 ultra
1134 2864 1278 2927 debitum
1304 2878 1335 2926 et
1356 2878 1460 2947 preter
1484 2879 1656 2928 consvetu·

386 2974 494 3035 dinem
518 2974 558 3035 ab
583 2972 717 3053 antiquo
741 2973 774 3033 in
798 2971 964 3053 exigendis
985 2971 1153 3032 tricesimis
1183 2991 1309 3052 semper
1340 2972 1554 3051 observatam,
1587 2992 1658 3054 pre-

385 3080 493 3141 sertim
526 3098 602 3140 vero
642 3091 751 3140 contra
789 3097 863 3139 eum
902 3097 1037 3156 morem,
1073 3077 1128 3158 qui
1162 3077 1193 3138 in
1230 3077 1356 3139 civitate
1391 3091 1499 3139 nostra
1537 3082 1657 3140 montis

387 3185 555 3248 Grecensis
580 3185 610 3245 in
636 3184 801 3264 exigendis
825 3183 993 3246 tricesimis
1016 3183 1203 3245 observatus
1227 3197 1273 3245 est
1300 3196 1331 3246 et
1354 3184 1553 3263 observatur,
1571 3185 1657 3246 cives

385 3307 416 3355 et
440 3293 574 3353 colonos
598 3291 728 3374 capituli
753 3290 968 3372 zagrabiensis
991 3289 1031 3351 ad
1056 3290 1257 3351 solucionem
1281 3290 1514 3351 tricesimarum
1539 3311 1656 3373 cogere

386 3419 451 3459 non
478 3397 635 3459 deberetis
681 3397 808 3457 Tamen
832 3415 900 3474 vos,
932 3409 966 3457 ut
1001 3415 1087 3457 nunc
1122 3416 1159 3457 ox
1196 3396 1335 3476 querelis
1367 3395 1485 3457 iteratis
1522 3399 1655 3480 capituli

386 3505 518 3567 ecclesie
543 3502 758 3584 zagrabiensis
783 3501 1003 3582 intelligimus,
1028 3522 1085 3563 vos
1109 3501 1205 3582 longe
1230 3502 1321 3562 aliter
1356 3521 1453 3582 quam
1478 3521 1539 3563 nos
1564 3504 1656 3566 vobis

386 3611 653 3690 mandaveramus
678 3607 709 3668 in
733 3607 900 3668 tricesimis
935 3607 1101 3689 exigendis
1135 3607 1239 3688 agitis,
1264 3620 1295 3670 et
1323 3607 1409 3689 ipsos
1433 3608 1518 3670 cives
1543 3623 1575 3670 et
1598 3629 1656 3692 po-

386 3718 479 3799 pulos
502 3715 724 3796 zagrabienses
748 3714 780 3775 in
805 3713 905 3795 duplo
921 3714 1060 3795 gravius,
1075 3733 1172 3794 quam
1190 3713 1309 3794 justum
1327 3727 1418 3791 esset,
1437 3713 1467 3774 in
1485 3715 1656 3777 tricesimis

386 3825 425 3885 ab
451 3823 496 3883 eis
519 3820 747 3902 extorquendis
770 3821 920 3899 oneratis,
944 3821 1032 3901 quod
1068 3841 1127 3882 nos
1149 3819 1317 3882 admittere
1353 3819 1444 3881 nullo
1476 3834 1573 3902 pacto
1597 3841 1654 3882 vo·

386 3931 503 3991 lumus.
528 3928 720 3990 Mandamus
744 3925 888 3988 fidelitati
914 3927 1010 4007 igitur
1033 3941 1135 3988 vestre
1159 3926 1271 3987 harum
1296 3925 1377 3987 serie
1414 3924 1548 3987 firmiter
1577 3947 1655 4008 qua-

385 4050 478 4098 tenus
502 4055 519 4095 a
543 4033 643 4094 modo
668 4032 819 4115 deinceps
850 4032 989 4115 prelatos
1013 4033 1097 4094 cives
1130 4046 1160 4095 et
1184 4032 1318 4094 colonos
1355 4031 1485 4113 capituli
1510 4032 1655 4114 zagrabi·

387 4143 470 4203 ensis
505 4140 545 4202 ad
581 4139 769 4201 solucionen
805 4139 1037 4200 tricesimarum
1071 4138 1153 4200 ultra
1189 4138 1333 4200 debitum
1382 4151 1412 4199 et
1445 4151 1655 4220 preterquam

386 4267 506 4331 equum
530 4259 561 4308 et
584 4247 702 4307 iustum
728 4257 774 4306 est
797 4245 1002 4327 compellere,
1025 4266 1131 4327 neque
1155 4265 1211 4306 eos
1234 4265 1328 4327 supra
1353 4265 1423 4307 eam
1449 4245 1654 4307 solucionem

385 4353 629 4429 tricesimarum,
660 4371 723 4431 que
765 4350 796 4411 in
837 4351 963 4412 civitate
1003 4365 1110 4412 nostra
1149 4351 1268 4412 montis
1307 4349 1475 4412 Grecensis
1515 4363 1656 4428 tenetur,

386 4462 560 4542 astringere
577 4458 730 4537 debeatis,
747 4458 833 4519 aliud
852 4458 943 4518 nullo
960 4457 1060 4519 modo
1077 4457 1180 4519 lacere
1197 4470 1427 4540 presumentes.
1446 4456 1656 4518 Presenribus

387 4567 545 4649 perlectis,
580 4565 742 4627 exhibenti
778 4564 940 4643 restitutis,
977 4564 1095 4625 Datum
1131 4563 1221 4624 Bude
1247 4561 1323 4625 feria
1359 4563 1469 4644 quinta
1506 4562 1656 4644 proxima

386 4687 458 4756 post
483 4672 598 4733 festum
623 4671 796 4732 nativitatis
819 4671 1000 4731 beatissime
1026 4669 1124 4731 Marie
1149 4669 1292 4752 virginis.
1316 4672 1412 4730 Anno
1429 4669 1556 4730 domini
1581 4667 1657 4730 mil-

386 4779 500 4840 lesimo
524 4777 783 4859 quingentesimo
807 4789 896 4838 sexto
922 4776 1059 4838 decim0.

493 4900 628 4965 originale
649 4901 673 4951 in
694 4900 792 4952 charta.
812 4899 840 4949 ln
860 4899 977 4964 margine
998 4898 1116 4949 interiori
1138 4898 1295 4962 inpressum
1315 4901 1357 4948 est
1376 4896 1501 4961 sigillam.
1521 4896 1549 4947 ln
1577 4893 1655 4948 arch.

386 5003 445 5041 ven.
464 4991 543 5054 capit.
563 4991 669 5054 zagrab.
688 4989 743 5040 Act.
765 4989 827 5052 Cap.
848 4995 900 5040 ant.
921 4989 976 5039 lasc
1003 4989 1040 5038 10.
1062 5002 1099 5040 nr.
1123 4988 1161 5039 17.

863 5117 875 5144 5
913 5134 920 5149 ι
