3732 5802
637 565 711 624 Doc.
733 577 787 639 92.
813 595 856 606 —
880 565 936 624 An.
960 577 1044 640 1511.
1184 617 1189 624 ,
1429 586 1470 647 99

1013 669 1195 676 ---—--
1208 671 1297 676 -——
1310 672 1330 676 .-
1340 671 1468 679 —-.—-

198 791 292 872 signo
326 791 542 874 prestandum,
569 800 667 874 'prout
698 804 728 852 et
762 791 1037 872 quemadmodum
1070 812 1126 874 per
1150 791 1254 874 ipsum
1279 793 1470 874 magistrum

197 895 482 977 prothonotarium
514 917 607 958 causa
636 909 667 959 et
701 897 837 978 negocio
862 897 894 958 in
918 898 1074 978 premisso
1098 897 1226 958 racione
1251 897 1325 959 dicti
1351 897 1412 960 loti
1439 911 1471 960 et

197 1003 268 1064 eius
301 1021 396 1064 cursu
430 1001 631 1084 aliarumque
662 1001 919 1065 differenciarum
949 1003 1031 1064 inter
1054 1017 1159 1084 partes
1181 1003 1266 1085 ipsas
1289 1003 1470 1066 habitarum

197 1105 326 1168 fueritis
349 1108 521 1170 examinati
543 1122 573 1171 et
596 1109 698 1190 qualis
714 1109 806 1170 vobis
823 1121 855 1170 et
870 1110 1045 1190 unicuique
1061 1123 1201 1172 vestrum
1219 1110 1251 1170 in
1272 1109 1333 1170 hiis
1349 1123 1472 1172 constat

196 1213 358 1276 certitudo
393 1215 533 1276 veritatis
564 1234 623 1276 suo
658 1214 758 1277 modo
794 1212 895 1294 lateri,
927 1215 1097 1296 dicereque
1133 1229 1164 1277 et
1196 1217 1327 1277 recitare
1365 1217 1471 1278 modis

197 1319 355 1380 omnibus
386 1321 529 1382 debeatis
561 1334 592 1382 et
622 1321 807 1382 teneamini.
837 1321 900 1384 Ubi
932 1334 1039 1383 autem
1071 1341 1129 1383 vos
1152 1322 1203 1383 vel
1228 1322 1307 1384 alter
1331 1335 1470 1384 vestrum

196 1444 268 1486 sese
291 1425 324 1486 in
342 1427 504 1508 premissis
525 1447 542 1488 a
560 1425 745 1509 perhibente
765 1427 949 1489 testimonio
970 1428 1093 1490 veritati
1114 1427 1336 1490 abstraheretis
1357 1443 1471 1490 extunc

197 1533 423 1594 commitimus
449 1546 479 1594 et
502 1534 702 1616 presentibus
725 1534 867 1596 striccius
887 1534 1117 1596 committimus
1141 1535 1297 1596 vicebano
1319 1548 1350 1596 et
1373 1533 1470 1616 judici

197 1637 365 1698 nobilium
396 1637 554 1700 dictorum
586 1639 744 1700 crisiensis
775 1652 806 1701 et
836 1639 1058 1701 warasdiensis
1090 1640 1311 1718 comitatuum,
1345 1653 1379 1700 ut
1412 1640 1471 1722 ipsi

198 1763 258 1804 vos
285 1755 316 1804 et
338 1744 516 1825 quemlibet
538 1757 679 1807 vestrum
704 1744 744 1806 ad
770 1744 802 1806 id
827 1743 1009 1807 laciendum
1033 1765 1090 1827 per
1113 1765 1211 1808 onera
1232 1758 1263 1806 et
1282 1746 1468 1826 gravamina

198 1849 230 1910 in
256 1849 402 1929 generali
428 1850 555 1912 decreto
580 1863 689 1912 nostro
712 1850 884 1933 superinde
908 1864 1086 1933 expressata
1110 1863 1140 1912 et
1163 1849 1343 1933 specificata
1367 1851 1470 1912 arcius

197 1955 402 2037 compellant
433 1969 464 2018 et
495 1958 670 2038 astringant
700 1957 888 2019 auctoritate
919 1970 1026 2019 nostra
1057 1957 1143 2038 regia
1172 1957 1373 2039 presentibus
1397 1957 1473 2040 ipsis

199 2062 230 2122 in
267 2061 328 2123 hac
358 2076 447 2144 parte
480 2083 627 2125 concessa
660 2063 831 2128 mediante.
858 2063 957 2126 Secus
985 2064 1081 2145 igitur
1104 2063 1193 2125 nulla
1217 2063 1344 2125 racione
1369 2061 1471 2124 facere

198 2169 439 2250 presummatis.
464 2170 668 2232 Presentibus
691 2170 850 2252 perlectis,
874 2170 1038 2232 exhibenti
1063 2169 1223 2232 restitutis.
1242 2169 1360 2230 Datum
1383 2169 1473 2230 Bude

199 2272 282 2335 leria
304 2275 444 2336 secunda
460 2276 605 2358 proxima
621 2287 694 2358 post
710 2274 827 2337 lestum
844 2276 1038 2337 ascensionis
1055 2275 1198 2337 Domini.
1216 2279 1311 2336 Anno
1328 2274 1472 2336 eiusdem

198 2379 380 2441 millesimo
404 2381 664 2463 quingentesimo
689 2381 873 2444 undecimo.

312 2518 450 2585 Originale
469 2521 494 2571 in
514 2522 611 2573 charta.
637 2521 665 2571 ln
688 2522 804 2587 margine
831 2513 949 2574 interiori
970 2523 1127 2586 impressum
1146 2487 1187 2573 est
1207 2522 1330 2588 sigillum.
1358 2522 1384 2572 ln
1403 2523 1473 2576 arch.

199 2621 261 2659 ven.
283 2607 347 2672 Cap.
367 2609 548 2673 reginbald.
570 2609 634 2674 Cap.
655 2615 707 2660 ant.
728 2608 793 2662 fasc.
815 2612 854 2662 10.
874 2624 910 2662 nr.
934 2611 972 2662 17.

813 2911 875 2976 92.

310 3051 386 3101 Anno
412 3051 484 3114 1511,
504 3052 547 3103 ct.
563 3052 637 3118 junii.
657 3052 756 3105 Budas.

209 3198 390 3267 Vladislous,
415 3197 593 3276 Hnngnrioc
615 3206 664 3259 etc.
688 3218 750 3267 rex,
775 3199 930 3257 Francisco
953 3199 988 3258 dc
1010 3199 1137 3258 Moroln
1157 3202 1358 3274 protonotario
1376 3199 1471 3279 Jicbct,

201 3312 236 3361 ut
257 3322 348 3377 agros
378 3303 504 3373 Hrotc‘c,
520 3305 707 3378 possessionis
736 3305 870 3375 civitatis,
893 3323 966 3380 quos
995 3304 1147 3378 Georgius,
1171 3305 1299 3364 nearchio
1320 3307 1473 3364 Brandcn·

201 3411 366 3484 burgensis,
391 3411 547 3484 capitulum
577 3411 770 3484 aogrobicnsc,
794 3413 982 3486 nonnullique
1012 3411 1117 3469 nobiles
1149 3413 1239 3469 vicini
1264 3421 1476 3488 occupantium

458 3517 615 3590 perlustret
635 3524 721 3590 atquc
742 3518 938 3575 communitati
957 3519 1081 3574 civitatis
1104 3517 1216 3578 reddat.

313 3654 513 3716 Wladislans
544 3655 595 3716 dei
626 3656 732 3737 gracia
763 3675 818 3718 rex
850 3656 1017 3738 Hungarie
1050 3669 1081 3718 et
1105 3655 1261 3718 Bohemie
1286 3669 1344 3718 etc.
1370 3657 1473 3719 Fideli

202 3774 317 3822 nostro
342 3761 471 3842 egregio
495 3761 647 3842 magistro
671 3761 840 3824 Francisco
865 3761 904 3824 de
929 3761 1080 3836 Marocha
1106 3763 1282 3844 personalis
1310 3763 1473 3844 presencie

202 3881 315 3929 nostre
346 3879 377 3928 et
408 3867 497 3949 regni
522 3867 620 3928 nostri
646 3867 817 3930 Sclauonie
842 3868 1085 3951 prothonotario
1110 3869 1244 3930 salutem
1270 3882 1300 3929 et
1323 3869 1473 3949 graciam.

204 3973 400 4054 Expositum
424 3985 470 4033 est
494 3973 650 4034 Maiestati
675 3987 782 4036 nostre
807 3975 838 4035 in
863 3975 1007 4056 personis
1031 3973 1174 4036 fidelium
1196 3987 1377 4036 nostrorum
1401 3995 1473 4056 pru-

202 4079 342 4140 dentum
358 4091 389 4140 et
405 4079 707 4161 circumspectornm
723 4079 838 4162 judicis
855 4092 886 4142 et
898 4081 1085 4160 juratorum,
1098 4094 1342 4160 ceterorumque
1356 4081 1472 4142 civium

203 4199 236 4247 et
269 4184 373 4246 tocius
404 4186 642 4247 communitatis
674 4185 809 4248 civitatis
840 4199 947 4247 nostre
984 4187 1102 4248 montis
1135 4185 1314 4264 Grecensis,
1338 4185 1474 4267 qualiter

204 4291 443 4352 illustrissimus
474 4290 625 4352 dominus
649 4289 809 4372 Georgius
840 4291 982 4353 marchio
1011 4291 1351 4372 brandenburgensis,
1375 4312 1475 4374 nepos

203 4409 316 4458 noster
335 4395 549 4476 charissimus,
562 4417 689 4460 necnon
706 4397 881 4480 capitulum
899 4397 1031 4458 ecclesie
1047 4397 1262 4478 zagrabiensis
1279 4409 1310 4457 et
1326 4397 1474 4458 nonnulli

203 4501 261 4563 alii
293 4501 392 4562 vicini
424 4501 559 4580 nobiles,
584 4502 632 4563 his
665 4501 778 4564 diebus
807 4515 907 4564 certas
929 4515 1028 4564 terras
1052 4515 1083 4564 et
1107 4517 1207 4564 metas
1231 4501 1313 4562 dicte
1339 4503 1475 4564 civitatis

203 4621 327 4686 nostre,
344 4620 642 4688 consequenterque
663 4607 830 4670 cuiusdam
849 4608 925 4670 ville
946 4607 1083 4669 Hrastha
1107 4621 1228 4686 vocate,
1247 4607 1329 4668 ultra
1345 4609 1474 4670 Zawam

204 4713 379 4774 existentes
400 4725 431 4774 et
454 4711 578 4774 habitas
594 4727 625 4775 et
641 4715 682 4774 ad
698 4713 816 4776 dictam
834 4713 995 4776 civitatem
1012 4727 1153 4775 nostram
1171 4713 1289 4775 montis
1308 4712 1476 4775 Grecensis

205 4818 415 4902 pertinentes,
441 4839 500 4901 pro
533 4841 565 4881 se
598 4820 675 4902 ipsis
707 4833 915 4903 occupassent
949 4833 980 4881 et
1011 4833 1181 4902 occupatas
1209 4833 1354 4880 tenerent
1379 4820 1474 4880 etiam

206 4926 248 4987 de
280 4925 431 5008 presenti.
465 4925 688 5008 Supplicatum
720 4926 828 5007 itaque
860 4926 962 4987 extitit
994 4925 1150 4987 Maiestati
1174 4938 1281 4986 nostre
1305 4945 1363 5007 pro
1387 4939 1476 5007 parte

205 5033 386 5094 eorundem
420 5031 539 5093 civium
563 5045 757 5112 nostrorum,
783 5045 818 5094 ut
841 5033 922 5094 circa
948 5033 1102 5114 premissa
1127 5031 1166 5092 de
1191 5043 1375 5114 opportuno
1399 5030 1476 5112 jutis

1359 5134 1370 5158 a.

1056 5313 1287 5433 taattt
