3900 5804
431 556 493 636 316
836 556 954 616 Sraaera
979 557 1272 618 Praebendarimm.

535 787 609 846 Post
621 790 731 863 festum
754 790 832 847 beate
860 789 964 848 Ursule
983 789 1022 860 fit
1035 797 1095 862 pro
1115 787 1251 863 episcopis
1273 787 1416 865 defunnis
1430 789 1495 864 (qui
1507 791 1538 847 ie
1556 790 1693 848 discreta

429 900 458 952 et
477 895 625 952 territorio
647 895 681 954 de
703 897 870 954 Meraucha
893 895 1013 954 decimos
1044 893 1188 955 dedemus
1208 905 1236 954 ei
1257 913 1419 954 consensum
1442 895 1484 953 ad
1511 896 1620 954 easdem
1643 897 1693 955 do-

429 1000 514 1057 minis
538 999 746 1060 Prebendariis
767 1002 849 1060 cheri
869 1003 982 1060 ecclesie
1004 1003 1224 1079 regredientis),
1248 1003 1381 1060 solemnis
1408 1005 1536 1076 peractio
1557 1003 1694 1077 quomodo

428 1104 584 1165 dccenlm
602 1115 631 1164 ei
658 1109 762 1183 perfici
780 1107 887 1169 debeat.

533 1249 629 1308 Anno
653 1246 778 1308 domini
802 1247 976 1308 millesimo
1001 1248 1260 1330 quingentesimo
1284 1262 1408 1330 quarto,
1441 1247 1577 1309 infesto
1607 1248 1693 1308 beati

429 1349 584 1412 iohannis
607 1365 679 1414 ante
704 1365 830 1434 portam
854 1353 996 1423 latinam,
1020 1353 1060 1414 ad
1091 1373 1208 1415 sonum
1231 1374 1386 1436 campane
1416 1354 1519 1431 solite,
1552 1352 1691 1414 universi

429 1455 553 1518 domini
577 1457 784 1520 Prebendarii
809 1459 897 1520 chori
922 1459 1055 1522 ecclesie
1091 1460 1307 1542 zagrabiensis
1338 1459 1530 1542 generaliter
1560 1477 1691 1538 congre-

427 1562 504 1642 gati,
530 1563 611 1624 inter
635 1577 737 1627 cetera
763 1565 905 1646 ipsorum
929 1565 1062 1646 negocia
1087 1566 1260 1644 tractanda,
1293 1565 1502 1627 decreverunt
1526 1578 1556 1626 et
1579 1563 1691 1625 unani-

429 1668 522 1728 miter
545 1669 850 1748 determinaverunt,
875 1685 910 1732 ut
933 1670 1105 1752 diligencia
1130 1671 1170 1732 ad
1203 1671 1325 1733 cultum
1357 1671 1503 1732 divinum
1528 1689 1566 1730 eo
1590 1671 1691 1750 magis

429 1787 593 1854 augeatur,
618 1775 707 1856 quod
731 1777 927 1858 quicumque
949 1778 981 1838 in
1002 1778 1139 1839 solemni
1161 1779 1344 1860 peractione
1361 1797 1419 1859 pro
1435 1777 1586 1839 omnibus
1611 1777 1690 1858 epis·

428 1879 526 1960 copis,
550 1894 680 1961 propter
708 1880 858 1960 decimas,
891 1881 969 1944 feria
1000 1883 1140 1944 secunda
1169 1884 1314 1966 proxima
1346 1897 1418 1964 post
1447 1882 1563 1944 festum
1599 1883 1690 1944 beate

430 1982 546 2045 Ursule
571 1997 602 2046 et
632 1987 791 2049 sociarum
825 1988 894 2049 eius
926 1988 1174 2070 quomodolibet
1205 2008 1290 2050 anno
1315 1988 1429 2066 fienda,
1462 1989 1493 2050 in
1525 2001 1594 2050 toto
1626 2006 1691 2048 non

426 2088 614 2170 interfuerit,
638 2091 711 2154 talis
744 2094 777 2154 in
809 2113 874 2156 uno
906 2094 1031 2176 integro
1066 2095 1188 2157 floreno
1223 2095 1417 2177 privabitur;
1449 2113 1507 2177 pro
1544 2095 1690 2172 Placeb0,

427 2195 612 2276 quindecim
634 2199 763 2276 solidis;
788 2200 986 2282 provigilia,
1003 2202 1214 2284 quadraginta
1230 2201 1361 2278 solidis;
1385 2221 1443 2284 pro
1468 2215 1562 2262 cantu
1586 2201 1690 2276 misse,

427 2302 539 2383 viginti
565 2305 709 2386 quinque
733 2306 854 2369 solidis.
880 2308 920 2368 Et
943 2308 1140 2388 quicumque
1164 2305 1296 2368 fratrum
1330 2305 1412 2368 infra
1442 2307 1584 2368 triduum
1617 2305 1691 2366 mis-

427 2429 495 2470 sam
519 2429 584 2472 non
609 2411 734 2490 dixerit,
759 2413 873 2493 viginti
904 2413 1017 2474 solidis
1050 2413 1301 2475 inremisibiliter
1331 2413 1524 2494 privabitur;
1549 2425 1691 2494 preterea

428 2516 615 2578 conclusum
642 2532 698 2597 est,
722 2519 810 2600 quod
835 2539 932 2581 nemo
957 2540 993 2580 ex
1018 2521 1063 2581 eis
1087 2539 1144 2602 per
1166 2519 1265 2580 alium
1299 2519 1478 2600 supportari
1503 2519 1612 2600 possit,
1635 2519 1690 2578 sed

427 2622 637 2702 personaliter
660 2623 811 2684 interesse
835 2624 960 2703 debeat,
985 2625 1044 2685 nisi
1070 2623 1252 2686 infirmitate
1276 2624 1460 2706 prepeditus
1477 2623 1581 2702 fuerit,
1605 2637 1690 2684 etse

427 2726 570 2808 legitime
594 2748 743 2790 excusare
769 2731 895 2812 poterit.
921 2729 1116 2812 Quicunque
1150 2731 1299 2809 Placebo,
1324 2749 1425 2812 usque
1450 2729 1490 2790 ad
1514 2729 1690 2791 secundum

427 2833 606 2912 psalmum
625 2834 743 2916 Vigilie
768 2836 926 2917 usquead
950 2837 1090 2918 primum
1108 2838 1267 2918 psalmum
1285 2850 1315 2896 et
1331 2836 1426 2897 misse
1444 2855 1545 2916 usque
1558 2836 1691 2896 tercium

428 2938 515 3000 Kirie
543 2959 608 3001 non
633 2941 820 3019 interfuerit,
844 2942 916 3003 talis
940 2961 999 3024 pro
1019 2944 1150 3004 absente
1174 2942 1360 3018 habebitur3
1385 2954 1416 3002 et
1439 2941 1500 3002 hoc
1524 2953 1690 3023 propterea

427 3044 611 3106 ordinatum
634 3049 779 3129 est,quia
800 3049 898 3109 semel
921 3048 1146 3110 tantummodo
1170 3047 1252 3110 fiunt
1275 3047 1308 3108 in
1332 3067 1427 3109 anno.

534 3260 584 3316 De
607 3262 705 3319 eadem
727 3263 847 3320 solemni
863 3264 1034 3336 peractione

533 3397 631 3470 Quod
655 3401 763 3462 nullus
786 3400 919 3463 fratrum
942 3402 1180 3484 pignorantiam
1194 3402 1297 3463 valeat
1311 3423 1344 3464 se
1368 3421 1528 3478 excusare,
1541 3421 1598 3482 per
1621 3420 1690 3462 eos-

427 3501 501 3564 dem
532 3501 682 3565 dominos
714 3506 945 3568 Prebendarios
968 3508 1161 3589 generaliter
1184 3522 1215 3569 et
1246 3508 1391 3569 unanimi
1422 3521 1498 3569 voto
1531 3526 1690 3568 annerum

427 3621 458 3668 et
481 3607 728 3672 determinatum
753 3625 807 3688 est,
833 3613 921 3693 quod
947 3613 979 3674 in
1003 3614 1144 3696 predicta
1168 3614 1305 3674 solemni
1330 3613 1513 3695 peractione
1529 3612 1691 3696 perpetuis

429 3711 543 3775 futuris
565 3717 774 3797 temporibus,
800 3733 938 3800 quatuor
973 3720 1114 3780 iuniores
1138 3739 1193 3801 per
1227 3739 1260 3780 se
1291 3719 1343 3781 vel
1373 3719 1570 3801 pulsatorem
1601 3737 1689 3800 apre-

430 3819 559 3900 ciand0,
585 3821 626 3881 ad
651 3822 800 3902 Placebo,
824 3825 959 3905 Vigilias
982 3841 1013 3887 et
1036 3826 1165 3886 missam
1190 3825 1358 3906 predictas,
1377 3837 1424 3886 ter
1447 3837 1494 3886 ter
1509 3824 1638 3906 pulsent
1660 3837 1691 3885 et

428 3925 462 3985 in
501 3927 705 4007 processione
744 3930 945 4010 aspergendo
981 3931 1126 4012 sepulcra
1161 3931 1223 3992 iam
1263 3931 1422 3992 dictorum
1454 3931 1690 4012 episcoporum,

429 4031 557 4110 vexilla,
581 4033 775 4095 turribulum
800 4055 872 4096 cum
898 4036 1045 4097 navicula
1076 4050 1107 4097 et
1130 4050 1210 4114 ture,
1243 4037 1328 4097 iuxta
1359 4035 1547 4098 mandatum
1577 4035 1688 4097 decani

427 4138 608 4218 apronitent
633 4153 663 4200 et
687 4140 832 4202 deferant
856 4143 915 4203 sub
939 4162 1020 4224 pena
1045 4142 1158 4222 viginti
1182 4142 1326 4223 quinque
1350 4143 1540 4220 solidorum,
1564 4155 1623 4203 etc.

531 4336 581 4392 De
603 4336 705 4392 eisdem
727 4335 841 4391 decimis
863 4335 897 4391 cle
919 4334 1098 4396 Morarecha.

532 4494 628 4551 Anno
653 4490 777 4552 domini
795 4491 968 4552 millesimo
985 4491 1245 4572 quingentesimo
1261 4506 1386 4572 octavo,
1404 4493 1545 4555 universi
1563 4493 1687 4554 domini

427 4593 634 4656 Prebendarii
660 4597 747 4681 chori
772 4597 905 4658 ecclesie
929 4598 1155 4680 zagrabiensis,
1178 4599 1210 4659 in
1242 4599 1384 4679 generali
1420 4618 1531 4660 eorum
1556 4619 1689 4679 congre·

425 4701 556 4780 gatione
580 4701 789 4764 decreverunt
812 4717 842 4764 et
867 4703 1172 4783 determinaverunt,
1196 4704 1284 4785 quod
1309 4704 1476 4766 annuatim
1494 4703 1561 4766 duo
1578 4703 1690 4766 fratres

428 4807 645 4885 Prebendarii,
671 4828 753 4869 unus
776 4809 883 4869 senior
907 4823 938 4870 et
961 4809 1040 4870 alter
1065 4809 1180 4888 junior,
1198 4811 1253 4890 qui
1277 4831 1333 4892 per
1350 4809 1461 4871 fratres
1489 4810 1689 4892 deputabun-

427 4925 478 4972 tur
501 4913 540 4972 ad
555 4913 727 4975 dicandum
746 4915 830 4996 ipsas
847 4915 997 4994 decimas,
1012 4929 1085 4998 post
1101 4916 1315 4977 extorsionem
1334 4917 1474 4997 ipsarum
1491 4915 1689 4977 decimarum

428 5031 459 5079 et
483 5018 717 5102 depositionem
749 5021 882 5083 rationis
913 5021 1045 5101 eisdem,
1070 5035 1105 5082 ut
1135 5019 1481 5103 prefertur,‘quolibet
1511 5040 1598 5082 anno
1629 5022 1689 5104 ipsi
