3808 5792
650 511 724 568 Doc.
750 507 823 586 169.
848 543 890 554 -
913 513 971 569 An.
998 523 1087 586 1521.
1436 531 1493 574 art

958 617 1127 623 -..--..-
1143 617 1220 623 --..
1241 619 1495 628 ———-———-—.

234 757 319 820 rege,
355 737 489 800 domino
524 747 634 799 nostro
667 736 905 818 graciosissimo
940 749 1026 798 extra
1059 737 1143 799 istud
1180 738 1324 800 inclitum
1361 759 1495 821 regnum

234 864 327 906 suum
351 843 517 925 Hungarie
541 843 574 904 in
599 843 699 904 altero
723 860 823 923 regno
847 843 1022 904 Maiestatis
1044 863 1111 923 sue,
1129 843 1278 906 videlicet
1294 845 1326 922 in
1343 846 1499 908 Bohemia

235 951 386 1012 existente
411 948 556 1028 feliciter,
580 948 740 1030 nobisque
764 968 802 1008 ex
825 948 970 1030 graciosa
1008 949 1187 1010 annuencia
1211 970 1267 1011 sue
1300 952 1500 1014 celsitudinis

237 1057 268 1117 in
291 1075 428 1138 persona
452 1055 596 1116 eiusdem
628 1054 804 1116 Maiestatis
836 1073 891 1116 sue
922 1054 1169 1136 presidentibus,
1204 1075 1262 1138 pro
1293 1070 1381 1140 parte
1413 1071 1445 1119 et
1468 1059 1499 1119 in

234 1183 370 1244 persona
394 1161 588 1244 prudentum
613 1175 643 1222 et
660 1160 964 1242 circumspectorum
980 1161 1205 1240 magistrorum
1223 1163 1453 1245 calcariparum
1470 1177 1500 1226 et

235 1281 409 1330 serstorum
434 1267 552 1330 civium
577 1278 609 1328 et
636 1265 887 1328 inhabitatorum
903 1263 1062 1328 inferioris
1079 1267 1213 1328 civitatis
1229 1268 1399 1330 Crisiensis
1415 1269 1500 1331 exhi-

236 1375 290 1436 biti
304 1388 378 1436 sunt
394 1394 503 1436 coram
519 1373 613 1436 nobis
627 1385 658 1434 et
674 1372 820 1454 producti
837 1371 970 1452 quidam
987 1372 1122 1452 articuli,
1137 1372 1274 1435 formam
1284 1374 1438 1436 libertatis
1454 1374 1501 1457 ip-

235 1501 344 1542 sorum
353 1480 553 1561 modumque
565 1479 731 1549 cuiusdam
744 1497 827 1540 nove
838 1476 933 1540 czehe
946 1497 1002 1539 seu
1012 1476 1277 1560 confraternitatis
1295 1481 1335 1543 ad
1344 1480 1500 1542 honorem

236 1587 288 1648 dei
301 1586 532 1668 omnipotentis
548 1599 580 1647 et
596 1585 664 1646 eius
677 1585 799 1646 illibate
815 1584 978 1666 genitricis
994 1583 1126 1665 virginis
1138 1585 1289 1666 gloriose,
1299 1586 1501 1649 eorumdem-

237 1713 298 1774 que
311 1693 536 1774 magistrorum
548 1689 703 1753 artificum
717 1690 887 1752 utilitatem
898 1704 929 1752 et
938 1689 1183 1753 emolimentum
1196 1713 1233 1755 ex
1246 1713 1332 1755 novo
1343 1692 1501 1771 inchoate,

237 1799 268 1860 in
283 1819 315 1859 se
336 1799 549 1882 exprimentes
570 1809 601 1862 et
620 1797 869 1878 complectentes
891 1810 1041 1858 tenorum
1065 1795 1357 1881 infrascriptorum;
1381 1799 1503 1882 suppli·

238 1919 407 1986 cetumque
418 1905 520 1966 extitit
529 1904 623 1988 nobis
635 1903 668 1964 in
677 1903 820 1985 personis
833 1903 1023 1964 eorumdem
1036 1903 1261 1985 magistrorum
1273 1905 1501 1988 calcariparum

238 2025 269 2072 et
277 2023 464 2090 serstorum,
475 2022 510 2071 ut
524 2009 655 2072 eosdem
669 2008 821 2070 articulos
838 2021 869 2070 et
886 2009 995 2070 omnia
1008 2009 1040 2069 in
1054 2009 1099 2071 eis
1113 2023 1273 2089 contenta,
1290 2024 1384 2090 ratos,
1396 2025 1503 2093 gratos

238 2129 268 2178 et
280 2129 426 2198 acceptos
439 2115 603 2194 habentes,
616 2114 716 2176 literis
728 2114 844 2176 nostris
865 2114 1120 2196 privilegialibus
1140 2118 1334 2178 verbotenus
1347 2117 1443 2178 inseri
1457 2115 1501 2178 fa-

238 2223 355 2285 cientes
367 2242 426 2304 pro
438 2220 756 2303 predictismagistris
764 2219 938 2282 artificibus
947 2220 1030 2282 dicte
1043 2220 1180 2282 civitatis
1189 2219 1349 2283 inferioris
1362 2222 1502 2284 Crisien-

237 2330 279 2391 sis
292 2330 324 2391 in
336 2347 472 2411 persona
485 2314 518 2388 ef
528 2327 715 2388 auctoritate
723 2324 837 2408 prefati
848 2326 972 2388 domini
982 2326 1080 2388 nostri
1091 2327 1173 2408 regis
1186 2327 1377 2389 innovantes
1390 2349 1501 2411 perpe·

238 2451 293 2498 tuo
306 2435 461 2497 valituros
473 2433 682 2497 etduraturos
697 2431 885 2494 confirmare
899 2431 1115 2513 dignaremur.
1130 2433 1414 2516 Quorumquidem
1430 2435 1503 2496 arti-

239 2542 386 2604 culorum
409 2553 501 2602 tenor
525 2539 669 2621 sequitur
693 2553 724 2600 et
747 2552 794 2600 est
816 2539 908 2620 talis:

343 2646 478 2722 Articuli
502 2665 597 2728 super
621 2645 780 2707 erectione
804 2664 887 2706 nove
912 2645 1008 2708 czehe
1032 2666 1089 2708 seu
1113 2645 1381 2709 confraternitatis
1405 2648 1504 2728 magi-

238 2767 374 2816 strorum
392 2752 621 2834 calcariparum
635 2763 666 2813 et
689 2764 866 2812 serstorum
894 2751 1014 2812 civium
1032 2765 1063 2812 et
1079 2750 1329 2813 inhabitatorum
1347 2751 1506 2815 inferioris

239 2860 375 2922 civitatis
398 2858 568 2921 Crisiensis
591 2856 631 2918 ad
655 2857 754 2918 altare
777 2856 817 2917 ad
842 2856 1010 2935 honorem,
1034 2857 1266 2939 assumpcionis
1289 2859 1380 2919 beate
1405 2859 1506 2920 Marie

239 2966 371 3049 virginis
395 2965 427 3026 in
454 2964 587 3026 ecclesia
611 2962 786 3045 parochiali
810 2975 916 3024 sancte
941 2962 1055 3024 Crucis
1072 2963 1104 3024 in
1122 2963 1206 3024 dicta
1223 2963 1350 3026 civitate
1374 2963 1505 3028 fundata

240 3085 468 3150 constructum,
491 3069 623 3132 tenendi
648 3082 679 3131 et
701 3069 914 3150 gubernandi.

345 3177 470 3239 Primus
494 3176 656 3238 articulus.
677 3174 776 3248 Quod
801 3194 874 3236 cum
899 3174 931 3236 in
956 3175 1023 3256 ipsa
1060 3175 1186 3236 civitate
1218 3174 1372 3238 Crisiensi
1404 3197 1507 3238 novus

238 3285 333 3366 judex
357 3297 388 3345 et
410 3282 594 3344 consulatus
610 3281 747 3363 eligitur,
760 3293 876 3342 eotunc
890 3280 987 3342 iidem
1001 3281 1143 3362 magistri
1157 3281 1328 3344 adcertum
1345 3282 1431 3345 diem
1445 3303 1502 3364 per

240 3391 325 3474 ipsos
337 3383 557 3471 deputandum
567 3387 599 3448 in
613 3387 686 3449 loco
699 3386 893 3468 competenti
906 3406 1019 3448 omnes
1032 3378 1162 3448 insimul
1176 3374 1358 3466 convenire,
1370 3388 1505 3450 ibidem-

241 3515 303 3578 que
320 3495 403 3556 inter
418 3514 451 3555 se
468 3513 506 3555 ex
523 3493 718 3574 pocioribus,
731 3493 900 3574 magistros
917 3481 1014 3554 cz'ehe
1028 3492 1147 3574 eligere
1161 3493 1308 3572 debeant,
1323 3495 1506 3576 electosque

240 3601 371 3664 eosdem
394 3599 574 3662 consulatui
599 3612 781 3682 presentare
804 3598 961 3676 habeant3
986 3599 1041 3680 qui
1066 3600 1110 3661 sic
1134 3600 1304 3680 presentati
1330 3600 1370 3661 ad
1399 3615 1506 3663 sancta

240 3707 291 3770 dei
315 3705 493 3786 ewangelia
518 3705 726 3786 corporaliter
742 3723 840 3766 manu
856 3717 938 3766 tacta
955 3704 1172 3787 juramentum
1196 3705 1383 3786 prestabant
1409 3726 1506 3788 super

241 3833 290 3892 eo,
314 3827 348 3874 ut
373 3831 504 3874 omnem
528 3810 736 3893 dil'genciam
759 3809 911 3872 adhibere
935 3811 1047 3890 velint,
1072 3811 1161 3892 quod
1177 3809 1346 3873 artificium
1364 3812 1506 3894 ipsorum

241 3940 297 4002 per
319 3918 465 4000 singulos
491 3918 660 3999 magistros
683 3915 819 3978 fideliter
844 3930 874 3978 et
898 3916 967 3978 sine
992 3915 1103 3977 fraude
1128 3916 1320 3980 elaboretur.

348 4022 516 4086 Secundus
532 4022 694 4084 articulus.
713 4022 811 4096 Quod
829 4022 906 4084 dum
923 4021 1040 4103 aliquis
1056 4021 1217 4083 sociorum
1231 4022 1270 4083 ad
1287 4023 1507 4104 magisterium

243 4129 401 4212 acceptari
425 4140 559 4210 optaret,
583 4127 656 4189 talis
672 4127 758 4210 ipsos
775 4127 944 4208 magistros
967 4147 1024 4208 per
1039 4126 1159 4188 litteras
1175 4125 1319 4188 efficaces
1336 4127 1508 4190 certificare

244 4235 359 4297 debeat
382 4253 478 4316 super
501 4253 551 4313 eo,
588 4233 676 4315 quod
711 4233 751 4294 sit
782 4233 822 4295 de
857 4233 989 4294 honesta
1025 4232 1188 4315 parentela
1222 4245 1253 4294 et
1285 4252 1323 4294 ex
1351 4234 1509 4315 legittimo

243 4342 337 4404 thoro
361 4355 450 4403 ortus
473 4361 509 4401 ac
533 4341 730 4423 progenitus,
774 4354 805 4401 et
828 4333 917 4420 quod
941 4338 1026 4421 apud
1057 4358 1151 4400 suum
1184 4339 1373 4421 magistrum
1408 4359 1510 4402 annos

241 4448 338 4510 studii
362 4448 412 4508 sui
435 4445 560 4508 artificii
584 4446 673 4508 omni
698 4465 771 4507 cum
796 4445 985 4508 obediencia
1009 4459 1040 4506 et
1072 4443 1224 4506 fidelitate
1258 4443 1508 4527 adimplevisset.

241 4554 361 4635 Agnita
384 4552 514 4614 tandem
539 4553 624 4614 bona
650 4551 733 4613 fama
758 4551 921 4614 talismodi
945 4551 1069 4630 famuli,
1086 4551 1172 4611 idern
1197 4550 1229 4611 in
1254 4550 1399 4613 medium
1424 4551 1509 4633 ipso-

243 4679 314 4720 rum
340 4659 552 4740 magistorum
576 4659 617 4721 ad
641 4659 767 4720 labores
793 4657 988 4719 exercendos
1012 4656 1189 4718 honorifice
1213 4657 1369 4738 acceptari
1385 4656 1509 4720 debeat.

246 4765 311 4840 Qui
336 4765 382 4826 sic
406 4755 688 4846 acceptatus'ipsis
712 4765 873 4846 magistris
897 4784 997 4825 unum
1023 4763 1242 4844 jenthaculum
1267 4763 1366 4844 vulgo
1390 4781 1512 4823 usanna

244 4884 274 4934 et
296 4870 427 4934 tandem
452 4890 555 4932 unum
578 4870 751 4954 prandium
775 4870 998 4932 administrare
1023 4870 1153 4932 debebit
1177 4883 1208 4931 et
1225 4869 1354 4952 insuper
1372 4868 1511 4930 florenos

242 4989 305 5039 tres
329 4997 387 5060 pro
411 4977 659 5040 conservacione
683 4975 791 5038 altaris
813 4975 979 5060 prescripti
1002 4975 1043 5038 ad
1067 4974 1210 5037 ladulam
1235 4973 1332 5036 czehe
1354 4978 1509 5056 reponere

1392 5073 1406 5104 ι
