3732 5802
807 558 881 616 Doc.
906 570 974 633 153.
999 589 1042 599 -
1067 558 1124 618 An.
1148 555 1235 633 1516.

395 799 537 850 oratores
560 787 735 867 humiliter,
759 801 918 870 quatenus
949 787 1099 870 dignetur
1123 787 1155 850 S.
1186 787 1225 850 V.
1250 805 1378 849 causam
1403 801 1434 849 et
1464 808 1576 851 causas
1607 811 1661 873 ap·

395 895 583 977 pellacionis
615 907 645 955 et
675 895 935 977 appellacionum
968 895 1182 976 predictarum
1218 893 1258 954 ad
1294 894 1430 956 eandem
1465 895 1662 959 sanctitatem

394 1001 552 1079 Vestram,
568 1013 775 1082 sanctamque
791 1001 901 1064 sedem
914 1002 1126 1084 apostolicam
1144 1001 1330 1083 interposite
1346 1014 1377 1062 et
1393 1001 1664 1084 interpositarum,

396 1107 552 1169 nullitatis
576 1119 607 1168 ct
630 1106 814 1170 nullitatum
840 1108 1018 1190 iniquitatis
1031 1121 1062 1170 et
1078 1107 1236 1188 injusticie
1261 1105 1345 1169 dicte
1359 1121 1506 1189 pretense
1538 1109 1665 1171 absolu-

396 1213 498 1274 cionis
520 1213 586 1274 sive
618 1213 815 1276 remissionis
848 1233 1068 1296 expensarum,
1091 1234 1127 1277 ac
1159 1213 1285 1276 decrete
1317 1213 1482 1275 citationis
1514 1214 1665 1296 illiusque

396 1319 608 1398 execucionia,
621 1319 826 1402 aliorumque
849 1321 1073 1401 gravaminum
1098 1321 1131 1382 in
1156 1319 1433 1402 appellacionibus
1457 1319 1594 1403 desuper
1617 1340 1665 1382 re-

396 1425 536 1507 spective
572 1425 754 1508 interjectis,
789 1427 944 1509 expressis
966 1441 1179 1490 atentatorum
1205 1440 1236 1489 et
1259 1427 1487 1488 innovatorum
1511 1447 1665 1509 quorum-

396 1549 534 1612 cumque
559 1545 631 1614 post
655 1545 687 1595 et
710 1546 820 1594 contra
844 1532 1074 1615 appellacionis
1101 1533 1287 1595 huiusmodi
1313 1552 1377 1594 una
1406 1552 1480 1594 cum
1510 1546 1579 1596 toto
1611 1554 1665 1595 ne-

396 1637 491 1718 gocio
516 1637 685 1720 principali
710 1651 818 1700 atento
844 1638 937 1701 Pater
959 1639 1220 1718 clementissime,
1256 1638 1344 1720 quod
1378 1638 1418 1700 ad
1450 1658 1525 1700 eum
1557 1639 1664 1702 locum

398 1742 431 1804 in
456 1761 522 1823 quo
546 1741 642 1822 judex
674 1763 769 1805 cause
801 1757 949 1826 pretense
982 1745 1216 1827 appellacionis
1246 1744 1419 1806 adversarii
1447 1745 1568 1808 residet
1601 1766 1665 1808 non

397 1859 444 1910 est
466 1849 646 1910 oratoribus
669 1862 756 1911 tutus
779 1870 934 1928 accessus,
966 1863 998 1912 et
1021 1851 1122 1912 eciam
1146 1850 1186 1912 ad
1218 1849 1415 1932 parcendum
1440 1851 1605 1913 laboribus
1636 1867 1667 1913 et

398 1955 544 2036 expensis
565 1955 853 2038 utriusquepartis,
870 1958 1071 2019 committere
1088 1969 1120 2019 et
1136 1955 1287 2018 mandare
1305 1956 1403 2018 alicui
1419 1956 1486 2020 sive
1502 1955 1666 2039 aliquibus

398 2060 509 2142 probis
531 2061 608 2122 viris
631 2061 665 2122 in
690 2061 810 2125 diocesi
834 2063 1033 2144 zagrabiensi
1068 2062 1344 2124 commorantibus
1369 2075 1400 2124 et
1423 2063 1456 2124 in
1480 2083 1543 2144 qua
1572 2065 1665 2124 ambe

398 2179 503 2248 partes
538 2179 704 2229 morantur
740 2182 772 2230 et
807 2168 1010 2231 domicilium
1046 2168 1176 2247 habent,
1209 2181 1273 2230 tam
1305 2168 1528 2231 communitim
1569 2189 1666 2251 quam

399 2272 527 2334 divisim
551 2293 587 2335 ac
606 2275 791 2354 summarie,
815 2275 1003 2357 simpliciter
1026 2289 1057 2337 et
1081 2275 1121 2337 de
1145 2275 1244 2357 plano
1268 2275 1336 2336 sine
1358 2275 1492 2356 strepitu
1517 2287 1549 2336 et
1565 2274 1667 2356 figura

399 2377 509 2458 judicii
533 2379 739 2459 audiendam,
764 2380 1033 2464 cognoscendam,
1047 2381 1271 2460 decidendam,
1288 2379 1416 2462 fineque
1433 2380 1542 2442 debito
1560 2381 1666 2443 termi-

399 2485 540 2547 nandam
563 2505 627 2548 una
663 2505 737 2548 cum
761 2487 912 2548 omnibus
947 2499 978 2549 et
1000 2487 1136 2569 singulis
1171 2488 1236 2548 suis
1267 2485 1458 2565 incidentiis,
1482 2485 1666 2568 dependen-

398 2591 451 2652 tiis
467 2592 679 2672 emergendis,
696 2593 827 2654 annexis
844 2605 875 2654 et
888 2593 1040 2654 connexis
1055 2612 1129 2654 cum
1139 2605 1296 2676 potestate
1310 2591 1432 2653 dictum
1448 2591 1666 2654 adversarium

400 2716 578 2778 omnesque
601 2697 682 2760 alios
705 2717 762 2760 sua
786 2699 1000 2760 communiter
1031 2699 1082 2760 vel
1107 2697 1235 2760 divisim
1269 2698 1421 2760 interesse
1444 2697 1607 2779 putandos
1638 2713 1667 2760 et

399 2803 432 2864 in
456 2803 678 2866 executionem
702 2804 866 2867 citacionis
888 2803 1118 2883 decernendos,
1142 2803 1368 2883 nominandos,
1393 2803 1540 2865 citandos
1555 2804 1665 2886 eisque

400 2929 436 2971 ac
460 2909 611 2971 omnibus
634 2909 707 2972 aliis
729 2911 852 2973 tociens
875 2910 1030 2993 quociens
1064 2929 1145 2993 opus
1178 2908 1273 2971 fuerit
1304 2910 1363 2971 sub
1395 2909 1538 2970 censuris
1568 2909 1666 2972 eccle·

400 3015 533 3076 siasticis
568 3035 604 3077 ac
641 3018 834 3098 pecuniariis
856 3018 948 3099 penis
981 3037 1040 3079 suo
1075 3016 1206 3079 arbitrio
1241 3014 1456 3098 imponendis,
1485 3013 1668 3078 inhibendis

401 3135 432 3182 et
466 3121 499 3181 in
545 3137 696 3184 eventum
732 3123 866 3185 omnino
912 3123 1081 3205 peticionis
1118 3141 1231 3185 omnes
1269 3134 1301 3184 et
1338 3121 1480 3202 singulas
1519 3141 1667 3184 censuras

400 3240 431 3288 et
468 3246 566 3309 penas
612 3228 769 3309 predictas
814 3241 923 3290 contra
969 3249 1082 3290 omnes
1127 3243 1158 3290 et
1203 3228 1348 3311 singulos
1386 3228 1662 3290 contravenientes

402 3332 552 3394 incidisse
591 3333 787 3414 declarandi,
825 3335 1032 3416 aggravandi,
1066 3334 1307 3416 reaggravandi,
1340 3333 1591 3397 ecclesiasticum
1623 3335 1667 3395 in-

402 3438 575 3500 terdictum
599 3439 799 3522 imponendi,
824 3441 944 3502 brachii
969 3441 1120 3502 secularis
1144 3440 1299 3503 auxilium
1329 3440 1514 3519 invocandi,
1552 3453 1665 3503 cetera·

405 3563 468 3625 que
519 3545 581 3606 alia
632 3547 752 3625 omnia,
799 3559 830 3608 et
875 3546 999 3627 singula
1047 3547 1186 3625 dicendi,
1225 3544 1363 3610 faciendi
1411 3559 1442 3608 et
1491 3547 1668 3626 exercendi,

402 3671 466 3732 que
491 3651 603 3712 merita
638 3670 731 3712 cause
765 3664 797 3713 et
827 3672 994 3714 causarum
1029 3651 1214 3714 huiusmodi
1248 3652 1412 3735 postulant
1443 3664 1475 3713 et
1503 3653 1667 3736 requirunt

402 3757 564 3840 premissis
588 3757 876 3820 constitucionibus
899 3778 998 3840 quam
1022 3771 1053 3820 et
1076 3758 1335 3820 ordinationibus
1366 3758 1563 3840 apostolicis,
1598 3759 1666 3821 stilo

402 3863 528 3946 palacii,
541 3863 717 3945 ceterisque
742 3865 774 3925 in
798 3864 993 3926 contrarium
1017 3863 1207 3926 facientibus
1223 3885 1288 3927 non
1317 3864 1519 3927 obstantibus
1535 3865 1663 3947 quibus·

403 3989 553 4052 cumque,
576 3982 737 4032 statumet
760 3970 872 4032 merita
896 3991 990 4033 cause
1015 3983 1046 4033 et
1069 3990 1237 4033 causarum
1264 3971 1449 4033 huiusmodi
1474 3984 1506 4032 et
1523 3971 1665 4033 omnium

403 4076 540 4138 aliorum
577 4075 615 4136 de
654 4076 840 4138 necessitate
873 4076 1080 4158 exprimentis
1117 4090 1263 4139 tenorem
1291 4089 1322 4138 et
1353 4077 1581 4158 conpetencias
1611 4080 1664 4160 pr0

403 4181 574 4244 sufficienti
598 4181 754 4263 expressis
777 4181 979 4245 habentibus.

510 4303 530 4353 E
549 4307 714 4367 transumpto
734 4303 760 4354 in
781 4303 871 4355 charta
889 4304 1011 4369 simplici,
1031 4309 1058 4356 ut
1071 4305 1147 4356 inita.
1167 4305 1194 4356 ln
1209 4305 1278 4356 arch.
1295 4305 1392 4370 colleg.
1407 4305 1665 4357 Praebendariornm.
