<?xml version="1.0" encoding="UTF-8"?>
<!DOCTYPE html PUBLIC "-//W3C//DTD XHTML 1.0 Transitional//EN"
    "http://www.w3.org/TR/xhtml1/DTD/xhtml1-transitional.dtd">
<html xmlns="http://www.w3.org/1999/xhtml" xml:lang="en" lang="en">
 <head>
  <title>
</title>
<meta http-equiv="Content-Type" content="text/html;charset=utf-8" />
  <meta name='ocr-system' content='tesseract 3.04.00' />
  <meta name='ocr-capabilities' content='ocr_page ocr_carea ocr_par ocr_line ocrx_word'/>
</head>
<body>
  <div class='ocr_page' id='page_1' title='image "./monumentahistor16laszgoog_0129.png"; bbox 0 0 3752 5806; ppageno 0'>
   <div class='ocr_carea' id='block_1_1' title="bbox 728 560 1452 637">
    <p class='ocr_par' dir='ltr' id='par_1_1' title="bbox 728 560 1452 637">
     <span class='ocr_line' id='line_1_1' title="bbox 728 560 1452 637; baseline 0.006 -17"><span class='ocrx_word' id='word_1_1' title='bbox 728 563 920 637; x_wconf 78' lang='lat' dir='ltr'><em>Argumenta.</em></span> <span class='ocrx_word' id='word_1_2' title='bbox 1352 560 1452 625; x_wconf 83' lang='lat' dir='ltr'>CXIII</span> 
     </span>
    </p>
   </div>
   <div class='ocr_carea' id='block_1_2' title="bbox 195 668 1456 677">
    <p class='ocr_par' dir='ltr' id='par_1_2' title="bbox 195 668 1456 677">
     <span class='ocr_line' id='line_1_2' title="bbox 195 668 1456 677; baseline -0.002 -3"><span class='ocrx_word' id='word_1_3' title='bbox 195 668 574 675; x_wconf 78' lang='grc'>-.--..</span> <span class='ocrx_word' id='word_1_4' title='bbox 899 669 1247 676; x_wconf 75' lang='lat'>——.—..........—-</span> <span class='ocrx_word' id='word_1_5' title='bbox 1450 669 1456 677; x_wconf 60' lang='grc' dir='ltr'>ι</span> 
     </span>
    </p>
   </div>
   <div class='ocr_carea' id='block_1_3' title="bbox 195 769 1457 999">
    <p class='ocr_par' dir='ltr' id='par_1_3' title="bbox 195 769 1457 999">
     <span class='ocr_line' id='line_1_3' title="bbox 195 769 1457 909; baseline 0 -16"><span class='ocrx_word' id='word_1_6' title='bbox 195 846 251 894; x_wconf 89' lang='grc'>118.</span> <span class='ocrx_word' id='word_1_7' title='bbox 279 844 360 894; x_wconf 84' lang='lat' dir='ltr'>Anno</span> <span class='ocrx_word' id='word_1_8' title='bbox 382 855 458 909; x_wconf 81' lang='grc'>1515,</span> <span class='ocrx_word' id='word_1_9' title='bbox 480 853 521 896; x_wconf 93' lang='grc'>11.</span> <span class='ocrx_word' id='word_1_10' title='bbox 541 843 695 896; x_wconf 86' lang='lat' dir='ltr'>decembris.</span> <span class='ocrx_word' id='word_1_11' title='bbox 714 843 848 909; x_wconf 82' lang='lat' dir='ltr'><strong>strigonii.</strong></span> <span class='ocrx_word' id='word_1_12' title='bbox 872 845 896 894; x_wconf 84' lang='grc' dir='ltr'><strong>Α</strong></span> <span class='ocrx_word' id='word_1_13' title='bbox 915 844 1022 902; x_wconf 77' lang='lat' dir='ltr'>Thomu,</span> <span class='ocrx_word' id='word_1_14' title='bbox 1043 843 1239 908; x_wconf 88' lang='lat' dir='ltr'>archiepiscopo</span> <span class='ocrx_word' id='word_1_15' title='bbox 1258 845 1350 908; x_wconf 86' lang='lat' dir='ltr'>strigo·</span> <span class='ocrx_word' id='word_1_16' title='bbox 1374 769 1457 825; x_wconf 55' lang='lat' dir='ltr'>pm.</span> 
     </span>
     <span class='ocr_line' id='line_1_4' title="bbox 278 932 1351 999; baseline 0 -17"><span class='ocrx_word' id='word_1_17' title='bbox 278 934 370 999; x_wconf 85' lang='lat' dir='ltr'>aiensi,</span> <span class='ocrx_word' id='word_1_18' title='bbox 389 933 476 998; x_wconf 89' lang='lat' dir='ltr'>legato</span> <span class='ocrx_word' id='word_1_19' title='bbox 494 933 647 998; x_wconf 85' lang='lat' dir='ltr'>apostolico,</span> <span class='ocrx_word' id='word_1_20' title='bbox 672 947 761 982; x_wconf 87' lang='lat' dir='ltr'>omnes</span> <span class='ocrx_word' id='word_1_21' title='bbox 779 933 946 984; x_wconf 76' lang='lat' dir='ltr'>laudationes</span> <span class='ocrx_word' id='word_1_22' title='bbox 965 935 992 983; x_wconf 94' lang='lat' dir='ltr'>in</span> <span class='ocrx_word' id='word_1_23' title='bbox 1010 949 1085 982; x_wconf 86' lang='lat' dir='ltr'>usum</span> <span class='ocrx_word' id='word_1_24' title='bbox 1103 932 1193 983; x_wconf 86' lang='lat' dir='ltr'>altaris</span> <span class='ocrx_word' id='word_1_25' title='bbox 1212 947 1245 984; x_wconf 86' lang='grc'>11.</span> <span class='ocrx_word' id='word_1_26' title='bbox 1265 934 1351 982; x_wconf 88' lang='lat' dir='ltr'>Trini-</span> 
     </span>
    </p>
   </div>
   <div class='ocr_carea' id='block_1_4' title="bbox 278 1021 1454 1087">
    <p class='ocr_par' dir='ltr' id='par_1_4' title="bbox 278 1021 1454 1087">
     <span class='ocr_line' id='line_1_5' title="bbox 278 1021 1454 1087; baseline 0 -16"><span class='ocrx_word' id='word_1_27' title='bbox 278 1023 338 1072; x_wconf 86' lang='lat' dir='ltr'>tatis</span> <span class='ocrx_word' id='word_1_28' title='bbox 356 1022 420 1075; x_wconf 93' lang='grc'>1111.</span> <span class='ocrx_word' id='word_1_29' title='bbox 439 1022 553 1072; x_wconf 82' lang='lat' dir='ltr'>cathedr.</span> <span class='ocrx_word' id='word_1_30' title='bbox 573 1022 674 1085; x_wconf 86' lang='lat' dir='ltr'>zagrab.</span> <span class='ocrx_word' id='word_1_31' title='bbox 695 1022 821 1084; x_wconf 88' lang='lat' dir='ltr'>conditae,</span> <span class='ocrx_word' id='word_1_32' title='bbox 841 1021 1042 1087; x_wconf 86' lang='lat' dir='ltr'>comprobantur</span> <span class='ocrx_word' id='word_1_33' title='bbox 1054 1047 1345 1061; x_wconf 90' lang='lat'>·················</span> <span class='ocrx_word' id='word_1_34' title='bbox 1409 1033 1454 1084; x_wconf 85' lang='lat'>141</span> 
     </span>
    </p>
   </div>
   <div class='ocr_carea' id='block_1_5' title="bbox 195 1127 1353 1366">
    <p class='ocr_par' dir='ltr' id='par_1_5' title="bbox 195 1127 1353 1366">
     <span class='ocr_line' id='line_1_6' title="bbox 195 1127 1353 1196; baseline -0.003 -17"><span class='ocrx_word' id='word_1_35' title='bbox 195 1143 251 1192; x_wconf 85' lang='lat'>119.</span> <span class='ocrx_word' id='word_1_36' title='bbox 278 1130 360 1178; x_wconf 81' lang='lat' dir='ltr'>Anno</span> <span class='ocrx_word' id='word_1_37' title='bbox 381 1139 457 1196; x_wconf 87' lang='grc'>1515,</span> <span class='ocrx_word' id='word_1_38' title='bbox 475 1143 564 1178; x_wconf 87' lang='lat' dir='ltr'>mense</span> <span class='ocrx_word' id='word_1_39' title='bbox 577 1127 716 1181; x_wconf 83' lang='lat' dir='ltr'><strong>decembri.</strong></span> <span class='ocrx_word' id='word_1_40' title='bbox 733 1127 883 1193; x_wconf 79' lang='lat' dir='ltr'><strong>Capitulum</strong></span> <span class='ocrx_word' id='word_1_41' title='bbox 895 1127 1027 1178; x_wconf 73' lang='lat' dir='ltr'>dusmense</span> <span class='ocrx_word' id='word_1_42' title='bbox 1045 1129 1124 1176; x_wconf 82' lang='lat' dir='ltr'>refert</span> <span class='ocrx_word' id='word_1_43' title='bbox 1142 1127 1279 1178; x_wconf 85' lang='lat' dir='ltr'>Vladislao</span> <span class='ocrx_word' id='word_1_44' title='bbox 1297 1127 1353 1192; x_wconf 90' lang='lat' dir='ltr'>regi</span> 
     </span>
     <span class='ocr_line' id='line_1_7' title="bbox 278 1217 1351 1283; baseline -0.001 -16"><span class='ocrx_word' id='word_1_45' title='bbox 278 1218 379 1268; x_wconf 82' lang='lat' dir='ltr'>nobiles</span> <span class='ocrx_word' id='word_1_46' title='bbox 397 1219 498 1268; x_wconf 75' lang='lat' dir='ltr'>Medici</span> <span class='ocrx_word' id='word_1_47' title='bbox 511 1234 651 1283; x_wconf 72' lang='lat' dir='ltr'>recusasse,</span> <span class='ocrx_word' id='word_1_48' title='bbox 664 1233 697 1268; x_wconf 90' lang='lat' dir='ltr'>ne</span> <span class='ocrx_word' id='word_1_49' title='bbox 714 1217 830 1268; x_wconf 74' lang='lat' dir='ltr'>citarista</span> <span class='ocrx_word' id='word_1_50' title='bbox 846 1232 905 1266; x_wconf 89' lang='lat' dir='ltr'>arae</span> <span class='ocrx_word' id='word_1_51' title='bbox 918 1232 951 1270; x_wconf 88' lang='lat' dir='ltr'>ss.</span> <span class='ocrx_word' id='word_1_52' title='bbox 965 1217 1102 1266; x_wconf 77' lang='lat' dir='ltr'><strong>Trinitatis</strong></span> <span class='ocrx_word' id='word_1_53' title='bbox 1115 1217 1142 1266; x_wconf 89' lang='lat' dir='ltr'>iu</span> <span class='ocrx_word' id='word_1_54' title='bbox 1161 1217 1351 1282; x_wconf 88' lang='lat' dir='ltr'>possessionem</span> 
     </span>
     <span class='ocr_line' id='line_1_8' title="bbox 278 1307 1347 1366; baseline -0.002 -9"><span class='ocrx_word' id='word_1_55' title='bbox 278 1308 404 1358; x_wconf 91' lang='lat' dir='ltr'>bonorum</span> <span class='ocrx_word' id='word_1_56' title='bbox 422 1307 522 1366; x_wconf 79' lang='lat' dir='ltr'>Mlnlra,</span> <span class='ocrx_word' id='word_1_57' title='bbox 541 1307 619 1357; x_wconf 87' lang='lat' dir='ltr'>Pleso</span> <span class='ocrx_word' id='word_1_58' title='bbox 638 1314 664 1356; x_wconf 89' lang='lat' dir='ltr'>et</span> <span class='ocrx_word' id='word_1_59' title='bbox 683 1307 762 1356; x_wconf 84' lang='lat' dir='ltr'>Knde</span> <span class='ocrx_word' id='word_1_60' title='bbox 781 1307 898 1356; x_wconf 89' lang='lat' dir='ltr'>mittatur</span> <span class='ocrx_word' id='word_1_61' title='bbox 910 1331 1347 1346; x_wconf 86' lang='lat'>·························</span> 
     </span>
    </p>
   </div>
   <div class='ocr_carea' id='block_1_6' title="bbox 194 1411 1352 1730">
    <p class='ocr_par' dir='ltr' id='par_1_6' title="bbox 194 1411 1352 1730">
     <span class='ocr_line' id='line_1_9' title="bbox 194 1411 1351 1481; baseline -0.003 -17"><span class='ocrx_word' id='word_1_62' title='bbox 194 1427 249 1466; x_wconf 88' lang='lat'>120.</span> <span class='ocrx_word' id='word_1_63' title='bbox 278 1416 358 1464; x_wconf 84' lang='lat' dir='ltr'>Anno</span> <span class='ocrx_word' id='word_1_64' title='bbox 382 1424 456 1481; x_wconf 89' lang='grc'>1515,</span> <span class='ocrx_word' id='word_1_65' title='bbox 477 1427 519 1478; x_wconf 88' lang='lat'>24.</span> <span class='ocrx_word' id='word_1_66' title='bbox 538 1413 691 1466; x_wconf 85' lang='lat' dir='ltr'>decembris.</span> <span class='ocrx_word' id='word_1_67' title='bbox 711 1413 809 1466; x_wconf 86' lang='lat' dir='ltr'>Budae.</span> <span class='ocrx_word' id='word_1_68' title='bbox 829 1413 922 1477; x_wconf 85' lang='lat' dir='ltr'>Legati</span> <span class='ocrx_word' id='word_1_69' title='bbox 936 1412 1043 1478; x_wconf 90' lang='lat' dir='ltr'>capituli</span> <span class='ocrx_word' id='word_1_70' title='bbox 1062 1413 1164 1477; x_wconf 84' lang='lat' dir='ltr'>zagrab.</span> <span class='ocrx_word' id='word_1_71' title='bbox 1183 1427 1269 1462; x_wconf 90' lang='lat' dir='ltr'>coram</span> <span class='ocrx_word' id='word_1_72' title='bbox 1287 1411 1351 1461; x_wconf 82' lang='grc'>1111-</span> 
     </span>
     <span class='ocr_line' id='line_1_10' title="bbox 277 1501 1349 1568; baseline -0.005 -15"><span class='ocrx_word' id='word_1_73' title='bbox 277 1503 360 1553; x_wconf 84' lang='lat' dir='ltr'>dislao</span> <span class='ocrx_word' id='word_1_74' title='bbox 376 1519 438 1568; x_wconf 85' lang='lat' dir='ltr'>rege</span> <span class='ocrx_word' id='word_1_75' title='bbox 456 1519 514 1553; x_wconf 91' lang='lat' dir='ltr'>cum</span> <span class='ocrx_word' id='word_1_76' title='bbox 532 1502 593 1554; x_wconf 87' lang='lat' dir='ltr'>Elia</span> <span class='ocrx_word' id='word_1_77' title='bbox 611 1503 644 1551; x_wconf 92' lang='lat' dir='ltr'>de</span> <span class='ocrx_word' id='word_1_78' title='bbox 661 1501 741 1567; x_wconf 69' lang='lat' dir='ltr'>Buba,</span> <span class='ocrx_word' id='word_1_79' title='bbox 760 1503 884 1552; x_wconf 87' lang='grc'>11101110</span> <span class='ocrx_word' id='word_1_80' title='bbox 902 1502 1072 1567; x_wconf 86' lang='lat' dir='ltr'>zagrabiensi‚</span> <span class='ocrx_word' id='word_1_81' title='bbox 1091 1508 1270 1551; x_wconf 80' lang='lat' dir='ltr'>conservatore</span> <span class='ocrx_word' id='word_1_82' title='bbox 1290 1515 1349 1549; x_wconf 91' lang='lat' dir='ltr'>can·</span> 
     </span>
     <span class='ocr_line' id='line_1_11' title="bbox 279 1590 1352 1658; baseline -0.005 -17"><span class='ocrx_word' id='word_1_83' title='bbox 279 1592 396 1642; x_wconf 86' lang='lat' dir='ltr'>cellariae</span> <span class='ocrx_word' id='word_1_84' title='bbox 415 1593 509 1657; x_wconf 83' lang='lat' dir='ltr'>regiae,</span> <span class='ocrx_word' id='word_1_85' title='bbox 528 1592 700 1658; x_wconf 88' lang='lat' dir='ltr'>paciscuntur,</span> <span class='ocrx_word' id='word_1_86' title='bbox 720 1593 851 1656; x_wconf 89' lang='lat' dir='ltr'>quomodo</span> <span class='ocrx_word' id='word_1_87' title='bbox 869 1590 1011 1658; x_wconf 83' lang='lat' dir='ltr'>capitulum</span> <span class='ocrx_word' id='word_1_88' title='bbox 1032 1593 1057 1641; x_wconf 93' lang='lat' dir='ltr'>ei</span> <span class='ocrx_word' id='word_1_89' title='bbox 1083 1591 1191 1656; x_wconf 84' lang='lat' dir='ltr'>posthac</span> <span class='ocrx_word' id='word_1_90' title='bbox 1212 1593 1352 1656; x_wconf 83' lang='lat' dir='ltr'>proventus</span> 
     </span>
     <span class='ocr_line' id='line_1_12' title="bbox 278 1681 1348 1730; baseline -0.004 0"><span class='ocrx_word' id='word_1_91' title='bbox 278 1681 374 1730; x_wconf 87' lang='lat' dir='ltr'>tribuat</span> <span class='ocrx_word' id='word_1_92' title='bbox 392 1702 1348 1721; x_wconf 86' lang='lat'><strong>······················································</strong></span> 
     </span>
    </p>
   </div>
   <div class='ocr_carea' id='block_1_7' title="bbox 193 1783 1351 2025">
    <p class='ocr_par' dir='ltr' id='par_1_7' title="bbox 193 1783 1351 2025">
     <span class='ocr_line' id='line_1_13' title="bbox 193 1783 1351 1854; baseline -0.005 -16"><span class='ocrx_word' id='word_1_93' title='bbox 193 1797 251 1841; x_wconf 82' lang='lat'>121.</span> <span class='ocrx_word' id='word_1_94' title='bbox 278 1790 359 1838; x_wconf 85' lang='lat' dir='ltr'>Auno</span> <span class='ocrx_word' id='word_1_95' title='bbox 380 1789 455 1854; x_wconf 85' lang='grc'>1516,</span> <span class='ocrx_word' id='word_1_96' title='bbox 475 1787 526 1836; x_wconf 88' lang='lat' dir='ltr'>fine</span> <span class='ocrx_word' id='word_1_97' title='bbox 541 1787 668 1852; x_wconf 89' lang='lat' dir='ltr'>Januarii.</span> <span class='ocrx_word' id='word_1_98' title='bbox 688 1787 837 1852; x_wconf 83' lang='lat' dir='ltr'>Zagrablae.</span> <span class='ocrx_word' id='word_1_99' title='bbox 865 1787 913 1836; x_wconf 84' lang='lat' dir='ltr'>Ad</span> <span class='ocrx_word' id='word_1_100' title='bbox 932 1786 1076 1852; x_wconf 86' lang='lat' dir='ltr'>capitulum</span> <span class='ocrx_word' id='word_1_101' title='bbox 1094 1787 1190 1851; x_wconf 74' lang='lat' dir='ltr'>refugit</span> <span class='ocrx_word' id='word_1_102' title='bbox 1211 1783 1351 1848; x_wconf 78' lang='lat' dir='ltr'>collegium</span> 
     </span>
     <span class='ocr_line' id='line_1_14' title="bbox 278 1874 1351 1941; baseline -0.004 -15"><span class='ocrx_word' id='word_1_103' title='bbox 278 1878 526 1927; x_wconf 86' lang='lat' dir='ltr'>Praebendariorum</span> <span class='ocrx_word' id='word_1_104' title='bbox 549 1875 611 1926; x_wconf 90' lang='lat' dir='ltr'>eccl.</span> <span class='ocrx_word' id='word_1_105' title='bbox 636 1876 750 1926; x_wconf 87' lang='lat' dir='ltr'>cathedr.</span> <span class='ocrx_word' id='word_1_106' title='bbox 775 1875 883 1941; x_wconf 86' lang='lat' dir='ltr'>litigans</span> <span class='ocrx_word' id='word_1_107' title='bbox 902 1891 960 1926; x_wconf 90' lang='lat' dir='ltr'>cum</span> <span class='ocrx_word' id='word_1_108' title='bbox 988 1876 1131 1934; x_wconf 82' lang='lat' dir='ltr'>Demetrio,</span> <span class='ocrx_word' id='word_1_109' title='bbox 1158 1874 1308 1940; x_wconf 80' lang='lat' dir='ltr'>praeposito</span> <span class='ocrx_word' id='word_1_110' title='bbox 1331 1886 1351 1922; x_wconf 97' lang='grc'>1.</span> 
     </span>
     <span class='ocr_line' id='line_1_15' title="bbox 278 1966 1348 2025; baseline -0.005 -8"><span class='ocrx_word' id='word_1_111' title='bbox 278 1967 385 2025; x_wconf 81' lang='lat' dir='ltr'>Mariae,</span> <span class='ocrx_word' id='word_1_112' title='bbox 404 1967 437 2016; x_wconf 91' lang='lat' dir='ltr'>de</span> <span class='ocrx_word' id='word_1_113' title='bbox 456 1966 549 2016; x_wconf 86' lang='lat' dir='ltr'>balneo</span> <span class='ocrx_word' id='word_1_114' title='bbox 571 1986 1348 2006; x_wconf 89' lang='lat'><strong>············································</strong></span> 
     </span>
    </p>
   </div>
   <div class='ocr_carea' id='block_1_8' title="bbox 194 2069 1353 2672">
    <p class='ocr_par' dir='ltr' id='par_1_8' title="bbox 194 2069 1353 2302">
     <span class='ocr_line' id='line_1_16' title="bbox 194 2069 1352 2141; baseline -0.006 -17"><span class='ocrx_word' id='word_1_115' title='bbox 194 2085 251 2126; x_wconf 84' lang='lat'>122.</span> <span class='ocrx_word' id='word_1_116' title='bbox 278 2075 359 2124; x_wconf 82' lang='lat' dir='ltr'>Anno</span> <span class='ocrx_word' id='word_1_117' title='bbox 381 2073 456 2140; x_wconf 84' lang='lat'>1516,</span> <span class='ocrx_word' id='word_1_118' title='bbox 476 2086 500 2141; x_wconf 86' lang='lat'>5.</span> <span class='ocrx_word' id='word_1_119' title='bbox 513 2074 646 2124; x_wconf 77' lang='lat' dir='ltr'>februarii.</span> <span class='ocrx_word' id='word_1_120' title='bbox 660 2073 794 2138; x_wconf 88' lang='lat' dir='ltr'>Strigouii.</span> <span class='ocrx_word' id='word_1_121' title='bbox 808 2074 831 2122; x_wconf 83' lang='lat' dir='ltr'>A</span> <span class='ocrx_word' id='word_1_122' title='bbox 844 2072 954 2130; x_wconf 82' lang='lat' dir='ltr'>Thomu,</span> <span class='ocrx_word' id='word_1_123' title='bbox 969 2069 1165 2137; x_wconf 76' lang='lat' dir='ltr'>archiepiscopo</span> <span class='ocrx_word' id='word_1_124' title='bbox 1177 2069 1352 2134; x_wconf 85' lang='lat' dir='ltr'>strigoniensi,</span> 
     </span>
     <span class='ocr_line' id='line_1_17' title="bbox 278 2157 1353 2228; baseline -0.007 -15"><span class='ocrx_word' id='word_1_125' title='bbox 278 2161 416 2227; x_wconf 84' lang='lat' dir='ltr'>collegium</span> <span class='ocrx_word' id='word_1_126' title='bbox 434 2161 683 2212; x_wconf 84' lang='lat' dir='ltr'>Praebendariorum</span> <span class='ocrx_word' id='word_1_127' title='bbox 711 2161 917 2228; x_wconf 83' lang='lat' dir='ltr'>reprehenditur,</span> <span class='ocrx_word' id='word_1_128' title='bbox 943 2161 1013 2224; x_wconf 91' lang='lat' dir='ltr'>quod</span> <span class='ocrx_word' id='word_1_129' title='bbox 1038 2160 1218 2211; x_wconf 83' lang='lat' dir='ltr'>contentiones</span> <span class='ocrx_word' id='word_1_130' title='bbox 1243 2173 1302 2208; x_wconf 85' lang='lat' dir='ltr'>suas</span> <span class='ocrx_word' id='word_1_131' title='bbox 1319 2157 1353 2206; x_wconf 86' lang='lat' dir='ltr'>ad</span> 
     </span>
     <span class='ocr_line' id='line_1_18' title="bbox 277 2249 1347 2302; baseline -0.007 0"><span class='ocrx_word' id='word_1_132' title='bbox 277 2251 410 2301; x_wconf 81' lang='lat' dir='ltr'>arbitrium</span> <span class='ocrx_word' id='word_1_133' title='bbox 429 2249 498 2302; x_wconf 84' lang='lat' dir='ltr'>sedis</span> <span class='ocrx_word' id='word_1_134' title='bbox 517 2251 654 2300; x_wconf 84' lang='lat' dir='ltr'>Romanae</span> <span class='ocrx_word' id='word_1_135' title='bbox 672 2249 761 2300; x_wconf 90' lang='lat' dir='ltr'>retulit</span> <span class='ocrx_word' id='word_1_136' title='bbox 785 2269 1347 2291; x_wconf 85' lang='lat'><strong>·······························</strong></span> 
     </span>
    </p>

    <p class='ocr_par' dir='ltr' id='par_1_9' title="bbox 195 2332 1352 2672">
     <span class='ocr_line' id='line_1_19' title="bbox 195 2332 1350 2406; baseline -0.006 -16"><span class='ocrx_word' id='word_1_137' title='bbox 195 2351 252 2403; x_wconf 82' lang='lat'>123.</span> <span class='ocrx_word' id='word_1_138' title='bbox 278 2341 354 2390; x_wconf 76' lang='lat' dir='ltr'>Anno</span> <span class='ocrx_word' id='word_1_139' title='bbox 375 2339 450 2406; x_wconf 85' lang='grc'>1516,</span> <span class='ocrx_word' id='word_1_140' title='bbox 472 2351 512 2403; x_wconf 87' lang='grc'>14.</span> <span class='ocrx_word' id='word_1_141' title='bbox 523 2340 599 2404; x_wconf 86' lang='lat' dir='ltr'>junii.</span> <span class='ocrx_word' id='word_1_142' title='bbox 619 2339 767 2404; x_wconf 83' lang='lat' dir='ltr'>Zagrabiae.</span> <span class='ocrx_word' id='word_1_143' title='bbox 788 2337 938 2404; x_wconf 78' lang='lat' dir='ltr'>Capitulum</span> <span class='ocrx_word' id='word_1_144' title='bbox 951 2337 1052 2402; x_wconf 82' lang='lat' dir='ltr'>ragrab.</span> <span class='ocrx_word' id='word_1_145' title='bbox 1072 2351 1182 2395; x_wconf 83' lang='grc'>1111111,</span> <span class='ocrx_word' id='word_1_146' title='bbox 1201 2349 1279 2400; x_wconf 83' lang='lat' dir='ltr'>quum</span> <span class='ocrx_word' id='word_1_147' title='bbox 1298 2332 1350 2382; x_wconf 92' lang='lat' dir='ltr'>ool·</span> 
     </span>
     <span class='ocr_line' id='line_1_20' title="bbox 278 2421 1351 2494; baseline -0.008 -14"><span class='ocrx_word' id='word_1_148' title='bbox 278 2429 374 2494; x_wconf 85' lang='lat' dir='ltr'>legium</span> <span class='ocrx_word' id='word_1_149' title='bbox 391 2428 641 2478; x_wconf 86' lang='lat' dir='ltr'>Praebeudariorum</span> <span class='ocrx_word' id='word_1_150' title='bbox 659 2443 717 2477; x_wconf 89' lang='lat' dir='ltr'>cum</span> <span class='ocrx_word' id='word_1_151' title='bbox 736 2427 884 2492; x_wconf 83' lang='lat' dir='ltr'>praeposito</span> <span class='ocrx_word' id='word_1_152' title='bbox 897 2441 916 2478; x_wconf 88' lang='lat' dir='ltr'>s.</span> <span class='ocrx_word' id='word_1_153' title='bbox 937 2427 1035 2476; x_wconf 81' lang='lat' dir='ltr'>Mariae</span> <span class='ocrx_word' id='word_1_154' title='bbox 1053 2425 1086 2474; x_wconf 93' lang='lat' dir='ltr'>de</span> <span class='ocrx_word' id='word_1_155' title='bbox 1104 2423 1198 2474; x_wconf 86' lang='lat' dir='ltr'>balneo</span> <span class='ocrx_word' id='word_1_156' title='bbox 1217 2424 1278 2488; x_wconf 83' lang='lat' dir='ltr'>agit,</span> <span class='ocrx_word' id='word_1_157' title='bbox 1299 2421 1351 2472; x_wconf 91' lang='lat' dir='ltr'>col·</span> 
     </span>
     <span class='ocr_line' id='line_1_21' title="bbox 278 2511 1352 2583; baseline -0.007 -15"><span class='ocrx_word' id='word_1_158' title='bbox 278 2519 347 2583; x_wconf 85' lang='lat' dir='ltr'>legio</span> <span class='ocrx_word' id='word_1_159' title='bbox 365 2518 496 2568; x_wconf 87' lang='lat' dir='ltr'>adiudicat</span> <span class='ocrx_word' id='word_1_160' title='bbox 514 2517 564 2567; x_wconf 90' lang='lat' dir='ltr'>hac</span> <span class='ocrx_word' id='word_1_161' title='bbox 582 2515 712 2566; x_wconf 85' lang='lat' dir='ltr'>clausula:</span> <span class='ocrx_word' id='word_1_162' title='bbox 736 2531 863 2582; x_wconf 82' lang='lat' dir='ltr'>expensus</span> <span class='ocrx_word' id='word_1_163' title='bbox 882 2531 927 2580; x_wconf 90' lang='lat' dir='ltr'>per</span> <span class='ocrx_word' id='word_1_164' title='bbox 951 2521 1038 2580; x_wconf 83' lang='lat' dir='ltr'>partes</span> <span class='ocrx_word' id='word_1_165' title='bbox 1056 2515 1084 2564; x_wconf 89' lang='grc'>11</span> <span class='ocrx_word' id='word_1_166' title='bbox 1106 2511 1256 2562; x_wconf 87' lang='lat' dir='ltr'>huiusmodi</span> <span class='ocrx_word' id='word_1_167' title='bbox 1275 2526 1352 2560; x_wconf 88' lang='lat' dir='ltr'>causa</span> 
     </span>
     <span class='ocr_line' id='line_1_22' title="bbox 278 2604 1348 2672; baseline -0.007 -15"><span class='ocrx_word' id='word_1_168' title='bbox 278 2609 369 2670; x_wconf 86' lang='grc'>111111,</span> <span class='ocrx_word' id='word_1_169' title='bbox 389 2607 487 2656; x_wconf 89' lang='lat' dir='ltr'>eisdem</span> <span class='ocrx_word' id='word_1_170' title='bbox 504 2606 621 2672; x_wconf 88' lang='lat' dir='ltr'>partibus</span> <span class='ocrx_word' id='word_1_171' title='bbox 639 2605 782 2669; x_wconf 89' lang='lat' dir='ltr'>aequaliter</span> <span class='ocrx_word' id='word_1_172' title='bbox 801 2604 959 2654; x_wconf 87' lang='lat' dir='ltr'>tollerandas</span> <span class='ocrx_word' id='word_1_173' title='bbox 983 2625 1348 2644; x_wconf 90' lang='lat'><strong>·····················</strong></span> 
     </span>
    </p>
   </div>
   <div class='ocr_carea' id='block_1_9' title="bbox 196 2709 1352 2942">
    <p class='ocr_par' dir='ltr' id='par_1_10' title="bbox 196 2709 1352 2942">
     <span class='ocr_line' id='line_1_23' title="bbox 196 2709 1352 2780; baseline -0.006 -17"><span class='ocrx_word' id='word_1_174' title='bbox 196 2725 251 2776; x_wconf 86' lang='lat'>124.</span> <span class='ocrx_word' id='word_1_175' title='bbox 279 2715 355 2764; x_wconf 81' lang='lat' dir='ltr'>Anno</span> <span class='ocrx_word' id='word_1_176' title='bbox 377 2715 452 2780; x_wconf 84' lang='grc'>1516,</span> <span class='ocrx_word' id='word_1_177' title='bbox 472 2729 559 2764; x_wconf 89' lang='lat' dir='ltr'>mense</span> <span class='ocrx_word' id='word_1_178' title='bbox 575 2713 659 2778; x_wconf 86' lang='lat' dir='ltr'>junio.</span> <span class='ocrx_word' id='word_1_179' title='bbox 678 2712 828 2777; x_wconf 84' lang='lat' dir='ltr'>Zagrabiae.</span> <span class='ocrx_word' id='word_1_180' title='bbox 853 2709 1004 2775; x_wconf 80' lang='lat' dir='ltr'>Collegium</span> <span class='ocrx_word' id='word_1_181' title='bbox 1027 2709 1276 2760; x_wconf 88' lang='lat' dir='ltr'>Praebendariorum</span> <span class='ocrx_word' id='word_1_182' title='bbox 1295 2723 1352 2757; x_wconf 90' lang='lat' dir='ltr'>sen·</span> 
     </span>
     <span class='ocr_line' id='line_1_24' title="bbox 277 2799 1352 2868; baseline -0.007 -14"><span class='ocrx_word' id='word_1_183' title='bbox 277 2805 366 2862; x_wconf 82' lang='lat' dir='ltr'>tentia.</span> <span class='ocrx_word' id='word_1_184' title='bbox 387 2818 454 2867; x_wconf 89' lang='lat' dir='ltr'>quae</span> <span class='ocrx_word' id='word_1_185' title='bbox 472 2819 488 2852; x_wconf 92' lang='lat' dir='ltr'>a</span> <span class='ocrx_word' id='word_1_186' title='bbox 506 2800 621 2868; x_wconf 86' lang='lat' dir='ltr'>capitulo</span> <span class='ocrx_word' id='word_1_187' title='bbox 640 2801 673 2850; x_wconf 89' lang='lat' dir='ltr'>de</span> <span class='ocrx_word' id='word_1_188' title='bbox 691 2800 785 2850; x_wconf 87' lang='lat' dir='ltr'>balneo</span> <span class='ocrx_word' id='word_1_189' title='bbox 813 2805 852 2850; x_wconf 88' lang='lat' dir='ltr'>est</span> <span class='ocrx_word' id='word_1_190' title='bbox 877 2799 954 2859; x_wconf 88' lang='lat' dir='ltr'>dicta,</span> <span class='ocrx_word' id='word_1_191' title='bbox 973 2815 1025 2850; x_wconf 92' lang='lat' dir='ltr'>non</span> <span class='ocrx_word' id='word_1_192' title='bbox 1050 2803 1208 2856; x_wconf 88' lang='lat' dir='ltr'>contentum,</span> <span class='ocrx_word' id='word_1_193' title='bbox 1228 2803 1352 2863; x_wconf 83' lang='lat' dir='ltr'>provocat</span> 
     </span>
     <span class='ocr_line' id='line_1_25' title="bbox 278 2891 1348 2942; baseline -0.007 0"><span class='ocrx_word' id='word_1_194' title='bbox 278 2891 418 2942; x_wconf 89' lang='lat' dir='ltr'>adsedem</span> <span class='ocrx_word' id='word_1_195' title='bbox 438 2892 585 2940; x_wconf 85' lang='lat' dir='ltr'>Romanam</span> <span class='ocrx_word' id='word_1_196' title='bbox 609 2911 1348 2930; x_wconf 45' lang='lat'><strong>··········································</strong></span> 
     </span>
    </p>
   </div>
   <div class='ocr_carea' id='block_1_10' title="bbox 197 2991 1353 3504">
    <p class='ocr_par' dir='ltr' id='par_1_11' title="bbox 197 2991 1353 3240">
     <span class='ocr_line' id='line_1_26' title="bbox 197 2991 1348 3064; baseline -0.006 -17"><span class='ocrx_word' id='word_1_197' title='bbox 197 3007 251 3064; x_wconf 84' lang='lat'>125.</span> <span class='ocrx_word' id='word_1_198' title='bbox 277 3000 353 3048; x_wconf 80' lang='lat' dir='ltr'>Anno</span> <span class='ocrx_word' id='word_1_199' title='bbox 375 2997 450 3064; x_wconf 90' lang='grc'>1516,</span> <span class='ocrx_word' id='word_1_200' title='bbox 469 3011 557 3047; x_wconf 84' lang='lat' dir='ltr'>mense</span> <span class='ocrx_word' id='word_1_201' title='bbox 572 2995 655 3062; x_wconf 87' lang='lat' dir='ltr'>junio.</span> <span class='ocrx_word' id='word_1_202' title='bbox 674 2995 823 3060; x_wconf 86' lang='lat' dir='ltr'>Zagrabiae.</span> <span class='ocrx_word' id='word_1_203' title='bbox 841 2995 997 3052; x_wconf 86' lang='lat' dir='ltr'>Demetrius,</span> <span class='ocrx_word' id='word_1_204' title='bbox 1018 2993 1181 3059; x_wconf 85' lang='lat' dir='ltr'>praepositus</span> <span class='ocrx_word' id='word_1_205' title='bbox 1199 3007 1220 3046; x_wconf 88' lang='grc'>1.</span> <span class='ocrx_word' id='word_1_206' title='bbox 1241 2991 1348 3050; x_wconf 81' lang='lat' dir='ltr'>Mariae,</span> 
     </span>
     <span class='ocr_line' id='line_1_27' title="bbox 278 3081 1353 3150; baseline -0.007 -13"><span class='ocrx_word' id='word_1_207' title='bbox 278 3090 363 3150; x_wconf 82' lang='grc'>11111,</span> <span class='ocrx_word' id='word_1_208' title='bbox 388 3099 466 3149; x_wconf 84' lang='lat' dir='ltr'>quum</span> <span class='ocrx_word' id='word_1_209' title='bbox 492 3101 550 3135; x_wconf 89' lang='lat' dir='ltr'>cum</span> <span class='ocrx_word' id='word_1_210' title='bbox 573 3085 772 3134; x_wconf 88' lang='lat' dir='ltr'>Praebendariis</span> <span class='ocrx_word' id='word_1_211' title='bbox 800 3085 833 3133; x_wconf 90' lang='lat' dir='ltr'>de</span> <span class='ocrx_word' id='word_1_212' title='bbox 857 3082 951 3134; x_wconf 87' lang='lat' dir='ltr'>balneo</span> <span class='ocrx_word' id='word_1_213' title='bbox 975 3083 1029 3147; x_wconf 86' lang='lat' dir='ltr'>egit</span> <span class='ocrx_word' id='word_1_214' title='bbox 1054 3083 1156 3140; x_wconf 77' lang='lat' dir='ltr'>amissi.</span> <span class='ocrx_word' id='word_1_215' title='bbox 1175 3082 1209 3130; x_wconf 88' lang='lat' dir='ltr'>ad</span> <span class='ocrx_word' id='word_1_216' title='bbox 1226 3081 1353 3131; x_wconf 76' lang='lat' dir='ltr'>Thomam</span> 
     </span>
     <span class='ocr_line' id='line_1_28' title="bbox 277 3174 1348 3240; baseline -0.007 -14"><span class='ocrx_word' id='word_1_217' title='bbox 277 3175 434 3225; x_wconf 80' lang='lat' dir='ltr'>cardinalem</span> <span class='ocrx_word' id='word_1_218' title='bbox 452 3190 481 3224; x_wconf 87' lang='lat' dir='ltr'>ac</span> <span class='ocrx_word' id='word_1_219' title='bbox 499 3174 949 3240; x_wconf 58' lang='lat' dir='ltr'>archiepiscopum,strigoniensem,</span> <span class='ocrx_word' id='word_1_220' title='bbox 962 3178 1086 3239; x_wconf 86' lang='lat' dir='ltr'>provocat</span> <span class='ocrx_word' id='word_1_221' title='bbox 1092 3195 1348 3212; x_wconf 88' lang='lat'><strong>···············</strong></span> 
     </span>
    </p>

    <p class='ocr_par' dir='ltr' id='par_1_12' title="bbox 198 3259 1352 3504">
     <span class='ocr_line' id='line_1_29' title="bbox 198 3259 1352 3331; baseline -0.005 -18"><span class='ocrx_word' id='word_1_222' title='bbox 198 3265 250 3318; x_wconf 86' lang='lat'>126.</span> <span class='ocrx_word' id='word_1_223' title='bbox 277 3267 353 3315; x_wconf 81' lang='lat' dir='ltr'>Anno</span> <span class='ocrx_word' id='word_1_224' title='bbox 374 3263 454 3331; x_wconf 84' lang='lat'><strong>1516,</strong></span> <span class='ocrx_word' id='word_1_225' title='bbox 473 3275 515 3327; x_wconf 82' lang='lat'>23.</span> <span class='ocrx_word' id='word_1_226' title='bbox 532 3264 608 3327; x_wconf 88' lang='lat' dir='ltr'>junii.</span> <span class='ocrx_word' id='word_1_227' title='bbox 627 3263 725 3312; x_wconf 88' lang='lat' dir='ltr'>Budae.</span> <span class='ocrx_word' id='word_1_228' title='bbox 746 3263 904 3322; x_wconf 83' lang='lat' dir='ltr'>Ludovicus‚</span> <span class='ocrx_word' id='word_1_229' title='bbox 925 3265 1014 3326; x_wconf 86' lang='lat' dir='ltr'>Hung.</span> <span class='ocrx_word' id='word_1_230' title='bbox 1040 3268 1090 3315; x_wconf 90' lang='lat' dir='ltr'>etc.</span> <span class='ocrx_word' id='word_1_231' title='bbox 1110 3276 1163 3319; x_wconf 83' lang='lat' dir='ltr'>rex,</span> <span class='ocrx_word' id='word_1_232' title='bbox 1183 3259 1352 3308; x_wconf 84' lang='lat' dir='ltr'>tricesimato·</span> 
     </span>
     <span class='ocr_line' id='line_1_30' title="bbox 276 3347 1352 3416; baseline -0.008 -12"><span class='ocrx_word' id='word_1_233' title='bbox 276 3355 349 3404; x_wconf 87' lang='lat' dir='ltr'>ribus</span> <span class='ocrx_word' id='word_1_234' title='bbox 369 3353 481 3404; x_wconf 76' lang='lat' dir='ltr'>civitatis</span> <span class='ocrx_word' id='word_1_235' title='bbox 498 3351 600 3416; x_wconf 77' lang='lat' dir='ltr'>aagrub.</span> <span class='ocrx_word' id='word_1_236' title='bbox 619 3358 698 3410; x_wconf 82' lang='lat' dir='ltr'>vetat,</span> <span class='ocrx_word' id='word_1_237' title='bbox 717 3367 750 3400; x_wconf 89' lang='lat' dir='ltr'>ne</span> <span class='ocrx_word' id='word_1_238' title='bbox 768 3352 838 3401; x_wconf 87' lang='lat' dir='ltr'>cives</span> <span class='ocrx_word' id='word_1_239' title='bbox 856 3358 882 3400; x_wconf 87' lang='lat' dir='ltr'>et</span> <span class='ocrx_word' id='word_1_240' title='bbox 898 3351 1052 3416; x_wconf 84' lang='lat' dir='ltr'>jobagioues</span> <span class='ocrx_word' id='word_1_241' title='bbox 1076 3349 1206 3398; x_wconf 86' lang='lat' dir='ltr'>tricesima</span> <span class='ocrx_word' id='word_1_242' title='bbox 1225 3347 1352 3411; x_wconf 86' lang='lat' dir='ltr'>exigenda</span> 
     </span>
     <span class='ocr_line' id='line_1_31' title="bbox 279 3441 1348 3504; baseline -0.007 -11"><span class='ocrx_word' id='word_1_243' title='bbox 279 3449 368 3492; x_wconf 86' lang='lat' dir='ltr'>contra</span> <span class='ocrx_word' id='word_1_244' title='bbox 386 3457 491 3500; x_wconf 87' lang='lat' dir='ltr'>morem,</span> <span class='ocrx_word' id='word_1_245' title='bbox 511 3441 774 3504; x_wconf 71' lang='lat' dir='ltr'>consuetudinemque</span> <span class='ocrx_word' id='word_1_246' title='bbox 793 3446 900 3490; x_wconf 87' lang='lat' dir='ltr'>onerent</span> <span class='ocrx_word' id='word_1_247' title='bbox 931 3459 1348 3480; x_wconf 86' lang='lat'><strong>························</strong></span> 
     </span>
    </p>
   </div>
   <div class='ocr_carea' id='block_1_11' title="bbox 103 3543 1355 4058">
    <p class='ocr_par' dir='ltr' id='par_1_13' title="bbox 196 3543 1354 3614">
     <span class='ocr_line' id='line_1_32' title="bbox 196 3543 1354 3614; baseline -0.009 -14"><span class='ocrx_word' id='word_1_248' title='bbox 196 3561 251 3614; x_wconf 85' lang='lat'>127.</span> <span class='ocrx_word' id='word_1_249' title='bbox 278 3551 355 3600; x_wconf 84' lang='lat' dir='ltr'>Anno</span> <span class='ocrx_word' id='word_1_250' title='bbox 378 3547 543 3614; x_wconf 86' lang='grc'>1516,111110</span> <span class='ocrx_word' id='word_1_251' title='bbox 555 3547 666 3612; x_wconf 81' lang='lat' dir='ltr'>augusti.</span> <span class='ocrx_word' id='word_1_252' title='bbox 680 3547 821 3612; x_wconf 83' lang='lat' dir='ltr'>Zagrabiae</span> <span class='ocrx_word' id='word_1_253' title='bbox 842 3543 989 3610; x_wconf 88' lang='lat' dir='ltr'>Collegium</span> <span class='ocrx_word' id='word_1_254' title='bbox 1002 3543 1252 3594; x_wconf 83' lang='lat' dir='ltr'>Praebendariorum</span> <span class='ocrx_word' id='word_1_255' title='bbox 1265 3547 1354 3591; x_wconf 89' lang='lat' dir='ltr'>contra</span> 
     </span>
    </p>

    <p class='ocr_par' dir='ltr' id='par_1_14' title="bbox 103 3630 1353 3791">
     <span class='ocr_line' id='line_1_33' title="bbox 103 3630 1353 3704; baseline -0.008 -14"><span class='ocrx_word' id='word_1_256' title='bbox 103 3635 106 3642; x_wconf 86' lang='grc'>’</span> <span class='ocrx_word' id='word_1_257' title='bbox 278 3639 495 3704; x_wconf 79' lang='lat' dir='ltr'>provocationem,</span> <span class='ocrx_word' id='word_1_258' title='bbox 514 3651 592 3700; x_wconf 87' lang='lat' dir='ltr'>quam</span> <span class='ocrx_word' id='word_1_259' title='bbox 610 3637 761 3686; x_wconf 88' lang='lat' dir='ltr'>Demetrius</span> <span class='ocrx_word' id='word_1_260' title='bbox 780 3635 942 3701; x_wconf 82' lang='lat' dir='ltr'>praepositus</span> <span class='ocrx_word' id='word_1_261' title='bbox 959 3635 1077 3684; x_wconf 89' lang='lat' dir='ltr'>Thomae</span> <span class='ocrx_word' id='word_1_262' title='bbox 1105 3630 1229 3682; x_wconf 85' lang='lat' dir='ltr'>cardinali</span> <span class='ocrx_word' id='word_1_263' title='bbox 1249 3630 1353 3688; x_wconf 87' lang='lat' dir='ltr'>obtulit,</span> 
     </span>
     <span class='ocr_line' id='line_1_34' title="bbox 277 3724 1349 3791; baseline -0.011 -13"><span class='ocrx_word' id='word_1_264' title='bbox 277 3729 365 3777; x_wconf 87' lang='lat' dir='ltr'>sedem</span> <span class='ocrx_word' id='word_1_265' title='bbox 385 3728 534 3776; x_wconf 85' lang='lat' dir='ltr'>Romanam</span> <span class='ocrx_word' id='word_1_266' title='bbox 557 3724 673 3791; x_wconf 86' lang='lat' dir='ltr'>appellat</span> <span class='ocrx_word' id='word_1_267' title='bbox 680 3748 1099 3764; x_wconf 84' lang='lat'><strong>························</strong></span> <span class='ocrx_word' id='word_1_268' title='bbox 1113 3751 1115 3756; x_wconf 34' lang='grc' dir='ltr'><em>ν</em></span> <span class='ocrx_word' id='word_1_269' title='bbox 1129 3745 1349 3759; x_wconf 87' lang='lat'><em>·············</em></span> 
     </span>
    </p>

    <p class='ocr_par' dir='ltr' id='par_1_15' title="bbox 195 3808 1355 4058">
     <span class='ocr_line' id='line_1_35' title="bbox 195 3808 1353 3881; baseline -0.01 -13"><span class='ocrx_word' id='word_1_270' title='bbox 195 3819 251 3868; x_wconf 85' lang='lat'>128.</span> <span class='ocrx_word' id='word_1_271' title='bbox 278 3818 355 3866; x_wconf 82' lang='lat' dir='ltr'>Auno</span> <span class='ocrx_word' id='word_1_272' title='bbox 378 3815 453 3881; x_wconf 82' lang='grc'>1516,</span> <span class='ocrx_word' id='word_1_273' title='bbox 475 3825 514 3880; x_wconf 89' lang='grc'>15.</span> <span class='ocrx_word' id='word_1_274' title='bbox 534 3815 646 3880; x_wconf 87' lang='lat' dir='ltr'>augusti.</span> <span class='ocrx_word' id='word_1_275' title='bbox 666 3814 815 3878; x_wconf 81' lang='lat' dir='ltr'>ZagrabIae.</span> <span class='ocrx_word' id='word_1_276' title='bbox 844 3815 872 3862; x_wconf 83' lang='lat' dir='ltr'>A</span> <span class='ocrx_word' id='word_1_277' title='bbox 892 3813 994 3862; x_wconf 89' lang='lat' dir='ltr'>notario</span> <span class='ocrx_word' id='word_1_278' title='bbox 1014 3811 1119 3877; x_wconf 86' lang='lat' dir='ltr'>publico</span> <span class='ocrx_word' id='word_1_279' title='bbox 1137 3815 1198 3859; x_wconf 88' lang='lat' dir='ltr'>aute</span> <span class='ocrx_word' id='word_1_280' title='bbox 1217 3808 1353 3858; x_wconf 83' lang='lat' dir='ltr'>ecclesiam</span> 
     </span>
     <span class='ocr_line' id='line_1_36' title="bbox 277 3899 1355 3968; baseline -0.01 -13"><span class='ocrx_word' id='word_1_281' title='bbox 277 3905 451 3955; x_wconf 83' lang='lat' dir='ltr'>cathedralem</span> <span class='ocrx_word' id='word_1_282' title='bbox 469 3905 631 3954; x_wconf 88' lang='lat' dir='ltr'>renuntiatur</span> <span class='ocrx_word' id='word_1_283' title='bbox 659 3902 802 3968; x_wconf 86' lang='lat' dir='ltr'>appellatio</span> <span class='ocrx_word' id='word_1_284' title='bbox 821 3919 836 3951; x_wconf 87' lang='lat' dir='ltr'>a</span> <span class='ocrx_word' id='word_1_285' title='bbox 855 3901 968 3964; x_wconf 90' lang='lat' dir='ltr'>collegio</span> <span class='ocrx_word' id='word_1_286' title='bbox 992 3899 1242 3950; x_wconf 88' lang='lat' dir='ltr'>Praebendariorum</span> <span class='ocrx_word' id='word_1_287' title='bbox 1266 3903 1355 3945; x_wconf 88' lang='lat' dir='ltr'>contra</span> 
     </span>
     <span class='ocr_line' id='line_1_37' title="bbox 277 3991 1350 4058; baseline -0.011 -12"><span class='ocrx_word' id='word_1_288' title='bbox 277 3995 439 4044; x_wconf 87' lang='lat' dir='ltr'>Demetrium</span> <span class='ocrx_word' id='word_1_289' title='bbox 458 3993 633 4058; x_wconf 85' lang='lat' dir='ltr'>praepositum</span> <span class='ocrx_word' id='word_1_290' title='bbox 652 3993 684 4041; x_wconf 89' lang='lat' dir='ltr'>de</span> <span class='ocrx_word' id='word_1_291' title='bbox 704 3991 797 4041; x_wconf 85' lang='lat' dir='ltr'>balneo</span> <span class='ocrx_word' id='word_1_292' title='bbox 817 3991 934 4054; x_wconf 85' lang='lat' dir='ltr'>litigioso</span> <span class='ocrx_word' id='word_1_293' title='bbox 953 3991 1022 4039; x_wconf 86' lang='lat' dir='ltr'>tacta</span> <span class='ocrx_word' id='word_1_294' title='bbox 1040 4010 1350 4028; x_wconf 88' lang='lat'><strong>·················</strong></span> 
     </span>
    </p>
   </div>
   <div class='ocr_carea' id='block_1_12' title="bbox 196 4093 1355 4340">
    <p class='ocr_par' dir='ltr' id='par_1_16' title="bbox 196 4093 1355 4340">
     <span class='ocr_line' id='line_1_38' title="bbox 196 4093 1353 4164; baseline -0.01 -14"><span class='ocrx_word' id='word_1_295' title='bbox 196 4111 251 4162; x_wconf 78' lang='lat'>129.</span> <span class='ocrx_word' id='word_1_296' title='bbox 279 4101 359 4149; x_wconf 83' lang='lat' dir='ltr'>Auno</span> <span class='ocrx_word' id='word_1_297' title='bbox 382 4099 456 4164; x_wconf 87' lang='lat'>1516,</span> <span class='ocrx_word' id='word_1_298' title='bbox 479 4101 518 4150; x_wconf 90' lang='lat'>18.</span> <span class='ocrx_word' id='word_1_299' title='bbox 544 4099 655 4162; x_wconf 86' lang='lat' dir='ltr'>augusti.</span> <span class='ocrx_word' id='word_1_300' title='bbox 680 4098 828 4162; x_wconf 76' lang='lat' dir='ltr'>Zagrabiae.</span> <span class='ocrx_word' id='word_1_301' title='bbox 853 4095 965 4146; x_wconf 88' lang='lat' dir='ltr'>Parochi</span> <span class='ocrx_word' id='word_1_302' title='bbox 989 4095 1104 4144; x_wconf 77' lang='lat' dir='ltr'>civitatis</span> <span class='ocrx_word' id='word_1_303' title='bbox 1129 4093 1271 4156; x_wconf 89' lang='lat' dir='ltr'>Zagrabiae</span> <span class='ocrx_word' id='word_1_304' title='bbox 1289 4107 1353 4140; x_wconf 89' lang='lat' dir='ltr'>uun·</span> 
     </span>
     <span class='ocr_line' id='line_1_39' title="bbox 277 4179 1355 4252; baseline -0.01 -14"><span class='ocrx_word' id='word_1_305' title='bbox 277 4189 343 4238; x_wconf 89' lang='lat' dir='ltr'>tiant</span> <span class='ocrx_word' id='word_1_306' title='bbox 362 4204 390 4237; x_wconf 88' lang='lat' dir='ltr'>se</span> <span class='ocrx_word' id='word_1_307' title='bbox 406 4188 514 4252; x_wconf 83' lang='lat' dir='ltr'>jubente</span> <span class='ocrx_word' id='word_1_308' title='bbox 526 4188 628 4236; x_wconf 88' lang='lat' dir='ltr'>Thoma</span> <span class='ocrx_word' id='word_1_309' title='bbox 640 4185 771 4239; x_wconf 85' lang='lat' dir='ltr'>cardinale</span> <span class='ocrx_word' id='word_1_310' title='bbox 788 4185 926 4248; x_wconf 88' lang='lat' dir='ltr'>collegium</span> <span class='ocrx_word' id='word_1_311' title='bbox 941 4183 1188 4233; x_wconf 87' lang='lat' dir='ltr'>Praebendariorum</span> <span class='ocrx_word' id='word_1_312' title='bbox 1210 4181 1242 4230; x_wconf 94' lang='lat' dir='ltr'>de</span> <span class='ocrx_word' id='word_1_313' title='bbox 1261 4179 1355 4228; x_wconf 90' lang='lat' dir='ltr'>balneo</span> 
     </span>
     <span class='ocr_line' id='line_1_40' title="bbox 279 4275 1349 4340; baseline -0.01 -13"><span class='ocrx_word' id='word_1_314' title='bbox 279 4275 385 4340; x_wconf 85' lang='lat' dir='ltr'>litigans</span> <span class='ocrx_word' id='word_1_315' title='bbox 403 4277 431 4325; x_wconf 94' lang='lat' dir='ltr'>in</span> <span class='ocrx_word' id='word_1_316' title='bbox 448 4277 574 4340; x_wconf 85' lang='lat' dir='ltr'>judicium</span> <span class='ocrx_word' id='word_1_317' title='bbox 596 4275 689 4325; x_wconf 82' lang='lat' dir='ltr'>citasse</span> <span class='ocrx_word' id='word_1_318' title='bbox 696 4293 1349 4315; x_wconf 87' lang='lat'><strong>·····································</strong></span> 
     </span>
    </p>
   </div>
   <div class='ocr_carea' id='block_1_13' title="bbox 195 4374 1354 4624">
    <p class='ocr_par' dir='ltr' id='par_1_17' title="bbox 195 4374 1354 4624">
     <span class='ocr_line' id='line_1_41' title="bbox 195 4374 1352 4448; baseline -0.009 -16"><span class='ocrx_word' id='word_1_319' title='bbox 195 4395 250 4446; x_wconf 83' lang='lat'>130.</span> <span class='ocrx_word' id='word_1_320' title='bbox 277 4383 359 4432; x_wconf 82' lang='lat' dir='ltr'>Anno</span> <span class='ocrx_word' id='word_1_321' title='bbox 382 4383 456 4448; x_wconf 89' lang='grc'>1516,</span> <span class='ocrx_word' id='word_1_322' title='bbox 481 4394 520 4434; x_wconf 93' lang='grc'>11.</span> <span class='ocrx_word' id='word_1_323' title='bbox 540 4382 703 4448; x_wconf 87' lang='lat' dir='ltr'>septembris.</span> <span class='ocrx_word' id='word_1_324' title='bbox 723 4381 818 4431; x_wconf 83' lang='lat' dir='ltr'>Bndae.</span> <span class='ocrx_word' id='word_1_325' title='bbox 838 4381 1021 4438; x_wconf 83' lang='lat' dir='ltr'>ALudovico,</span> <span class='ocrx_word' id='word_1_326' title='bbox 1041 4379 1132 4442; x_wconf 86' lang='lat' dir='ltr'>Hung.</span> <span class='ocrx_word' id='word_1_327' title='bbox 1151 4383 1200 4428; x_wconf 89' lang='lat' dir='ltr'>etc.</span> <span class='ocrx_word' id='word_1_328' title='bbox 1220 4391 1287 4439; x_wconf 89' lang='lat' dir='ltr'>rege,</span> <span class='ocrx_word' id='word_1_329' title='bbox 1307 4374 1352 4423; x_wconf 93' lang='lat' dir='ltr'>tri·</span> 
     </span>
     <span class='ocr_line' id='line_1_42' title="bbox 278 4463 1354 4535; baseline -0.009 -14"><span class='ocrx_word' id='word_1_330' title='bbox 278 4473 442 4521; x_wconf 84' lang='lat' dir='ltr'>cesimatores</span> <span class='ocrx_word' id='word_1_331' title='bbox 460 4471 639 4535; x_wconf 86' lang='lat' dir='ltr'>zagrabienses</span> <span class='ocrx_word' id='word_1_332' title='bbox 667 4471 822 4521; x_wconf 82' lang='lat' dir='ltr'>tricesimam</span> <span class='ocrx_word' id='word_1_333' title='bbox 842 4469 974 4526; x_wconf 88' lang='lat' dir='ltr'>maiorem,</span> <span class='ocrx_word' id='word_1_334' title='bbox 993 4483 1071 4532; x_wconf 87' lang='lat' dir='ltr'>quam</span> <span class='ocrx_word' id='word_1_335' title='bbox 1094 4463 1255 4532; x_wconf 86' lang='lat' dir='ltr'>praescripta</span> <span class='ocrx_word' id='word_1_336' title='bbox 1272 4470 1320 4521; x_wconf 87' lang='lat' dir='ltr'>est,</span> <span class='ocrx_word' id='word_1_337' title='bbox 1339 4479 1354 4511; x_wconf 94' lang='lat' dir='ltr'>a</span> 
     </span>
     <span class='ocr_line' id='line_1_43' title="bbox 279 4554 1347 4624; baseline -0.007 -15"><span class='ocrx_word' id='word_1_338' title='bbox 279 4559 380 4610; x_wconf 84' lang='lat' dir='ltr'>civibus</span> <span class='ocrx_word' id='word_1_339' title='bbox 399 4566 426 4608; x_wconf 88' lang='lat' dir='ltr'>et</span> <span class='ocrx_word' id='word_1_340' title='bbox 444 4576 459 4609; x_wconf 87' lang='grc'>1</span> <span class='ocrx_word' id='word_1_341' title='bbox 477 4559 627 4609; x_wconf 87' lang='lat' dir='ltr'>homiuibus</span> <span class='ocrx_word' id='word_1_342' title='bbox 646 4558 761 4624; x_wconf 90' lang='lat' dir='ltr'>capitulo</span> <span class='ocrx_word' id='word_1_343' title='bbox 780 4558 892 4608; x_wconf 87' lang='lat' dir='ltr'>subditis</span> <span class='ocrx_word' id='word_1_344' title='bbox 906 4558 1039 4621; x_wconf 86' lang='lat' dir='ltr'>exigentes</span> <span class='ocrx_word' id='word_1_345' title='bbox 1058 4554 1293 4621; x_wconf 87' lang='lat' dir='ltr'>reprehenduntur·</span> <span class='ocrx_word' id='word_1_346' title='bbox 1305 4577 1311 4591; x_wconf 95' lang='lat'><strong>·</strong></span> <span class='ocrx_word' id='word_1_347' title='bbox 1324 4578 1347 4590; x_wconf 92' lang='lat'>··</span> 
     </span>
    </p>
   </div>
   <div class='ocr_carea' id='block_1_14' title="bbox 196 4659 1353 4804">
    <p class='ocr_par' dir='ltr' id='par_1_18' title="bbox 196 4659 1353 4804">
     <span class='ocr_line' id='line_1_44' title="bbox 196 4659 1353 4733; baseline -0.008 -18"><span class='ocrx_word' id='word_1_348' title='bbox 196 4675 252 4728; x_wconf 82' lang='lat'>131.</span> <span class='ocrx_word' id='word_1_349' title='bbox 279 4667 355 4717; x_wconf 81' lang='lat' dir='ltr'>Anno</span> <span class='ocrx_word' id='word_1_350' title='bbox 376 4665 452 4731; x_wconf 83' lang='lat'><strong>1516,</strong></span> <span class='ocrx_word' id='word_1_351' title='bbox 473 4677 566 4731; x_wconf 83' lang='lat'>5-15.</span> <span class='ocrx_word' id='word_1_352' title='bbox 580 4665 741 4733; x_wconf 87' lang='lat' dir='ltr'>septembris.</span> <span class='ocrx_word' id='word_1_353' title='bbox 762 4665 909 4728; x_wconf 82' lang='lat' dir='ltr'>Zagrubiae.</span> <span class='ocrx_word' id='word_1_354' title='bbox 930 4664 958 4712; x_wconf 82' lang='lat' dir='ltr'>A</span> <span class='ocrx_word' id='word_1_355' title='bbox 972 4661 1086 4728; x_wconf 89' lang='lat' dir='ltr'>capitulo</span> <span class='ocrx_word' id='word_1_356' title='bbox 1098 4659 1260 4724; x_wconf 82' lang='lat' dir='ltr'>ragrabiensi</span> <span class='ocrx_word' id='word_1_357' title='bbox 1279 4671 1353 4720; x_wconf 85' lang='lat' dir='ltr'>argu·</span> 
     </span>
     <span class='ocr_line' id='line_1_45' title="bbox 279 4751 1348 4804; baseline -0.009 1"><span class='ocrx_word' id='word_1_358' title='bbox 279 4761 366 4804; x_wconf 89' lang='lat' dir='ltr'>menta</span> <span class='ocrx_word' id='word_1_359' title='bbox 384 4755 417 4804; x_wconf 92' lang='lat' dir='ltr'>de</span> <span class='ocrx_word' id='word_1_360' title='bbox 435 4753 684 4804; x_wconf 85' lang='lat' dir='ltr'>Praebeadnriorum</span> <span class='ocrx_word' id='word_1_361' title='bbox 703 4752 796 4802; x_wconf 87' lang='lat' dir='ltr'>balneo</span> <span class='ocrx_word' id='word_1_362' title='bbox 815 4768 847 4800; x_wconf 84' lang='lat' dir='ltr'>ex</span> <span class='ocrx_word' id='word_1_363' title='bbox 868 4751 974 4801; x_wconf 86' lang='lat' dir='ltr'>archivo</span> <span class='ocrx_word' id='word_1_364' title='bbox 992 4751 1104 4799; x_wconf 85' lang='lat' dir='ltr'>eduntur</span> <span class='ocrx_word' id='word_1_365' title='bbox 1111 4771 1348 4788; x_wconf 84' lang='lat'><strong>··············</strong></span> 
     </span>
    </p>
   </div>
   <div class='ocr_carea' id='block_1_15' title="bbox 197 4849 1459 5102">
    <p class='ocr_par' dir='ltr' id='par_1_19' title="bbox 197 4849 1459 5102">
     <span class='ocr_line' id='line_1_46' title="bbox 197 4849 1353 4926; baseline -0.008 -18"><span class='ocrx_word' id='word_1_366' title='bbox 197 4869 253 4922; x_wconf 81' lang='lat'>132.</span> <span class='ocrx_word' id='word_1_367' title='bbox 280 4861 356 4909; x_wconf 80' lang='lat' dir='ltr'>Anno</span> <span class='ocrx_word' id='word_1_368' title='bbox 378 4859 454 4926; x_wconf 87' lang='grc'>1516,</span> <span class='ocrx_word' id='word_1_369' title='bbox 474 4872 513 4910; x_wconf 80' lang='lat'>22.</span> <span class='ocrx_word' id='word_1_370' title='bbox 533 4858 695 4924; x_wconf 87' lang='lat' dir='ltr'>septembris.</span> <span class='ocrx_word' id='word_1_371' title='bbox 715 4857 837 4909; x_wconf 81' lang='lat' dir='ltr'>viterbii.</span> <span class='ocrx_word' id='word_1_372' title='bbox 857 4857 913 4906; x_wconf 89' lang='lat' dir='ltr'>Leo</span> <span class='ocrx_word' id='word_1_373' title='bbox 933 4857 971 4910; x_wconf 88' lang='lat' dir='ltr'>X.</span> <span class='ocrx_word' id='word_1_374' title='bbox 992 4871 1058 4921; x_wconf 88' lang='lat' dir='ltr'>papa</span> <span class='ocrx_word' id='word_1_375' title='bbox 1082 4854 1227 4919; x_wconf 86' lang='lat' dir='ltr'>dignitariis</span> <span class='ocrx_word' id='word_1_376' title='bbox 1246 4849 1353 4916; x_wconf 83' lang='lat' dir='ltr'>capituli</span> 
     </span>
     <span class='ocr_line' id='line_1_47' title="bbox 280 4940 1353 5013; baseline -0.008 -17"><span class='ocrx_word' id='word_1_377' title='bbox 280 4947 419 4998; x_wconf 80' lang='lat' dir='ltr'>dusmensis</span> <span class='ocrx_word' id='word_1_378' title='bbox 436 4947 518 5013; x_wconf 86' lang='lat' dir='ltr'>jubet,</span> <span class='ocrx_word' id='word_1_379' title='bbox 537 4955 566 4997; x_wconf 89' lang='lat' dir='ltr'>ut</span> <span class='ocrx_word' id='word_1_380' title='bbox 585 4947 661 4997; x_wconf 88' lang='lat' dir='ltr'>tinem</span> <span class='ocrx_word' id='word_1_381' title='bbox 680 4947 775 4997; x_wconf 84' lang='grc'>1111111</span> <span class='ocrx_word' id='word_1_382' title='bbox 795 4947 857 5006; x_wconf 88' lang='lat' dir='ltr'>litis,</span> <span class='ocrx_word' id='word_1_383' title='bbox 883 4961 949 5010; x_wconf 88' lang='lat' dir='ltr'>quae</span> <span class='ocrx_word' id='word_1_384' title='bbox 975 4946 1042 4994; x_wconf 89' lang='lat' dir='ltr'>inter</span> <span class='ocrx_word' id='word_1_385' title='bbox 1068 4941 1206 5006; x_wconf 88' lang='lat' dir='ltr'>collegium</span> <span class='ocrx_word' id='word_1_386' title='bbox 1225 4940 1353 4990; x_wconf 84' lang='lat' dir='ltr'>Praeben-</span> 
     </span>
     <span class='ocr_line' id='line_1_48' title="bbox 281 5025 1459 5102; baseline -0.01 -13"><span class='ocrx_word' id='word_1_387' title='bbox 281 5037 410 5087; x_wconf 88' lang='lat' dir='ltr'>dariorum</span> <span class='ocrx_word' id='word_1_388' title='bbox 431 5043 456 5086; x_wconf 88' lang='lat' dir='ltr'>et</span> <span class='ocrx_word' id='word_1_389' title='bbox 475 5037 650 5102; x_wconf 88' lang='lat' dir='ltr'>praepositum</span> <span class='ocrx_word' id='word_1_390' title='bbox 669 5037 695 5086; x_wconf 94' lang='lat' dir='ltr'>b.</span> <span class='ocrx_word' id='word_1_391' title='bbox 714 5052 739 5088; x_wconf 83' lang='lat' dir='ltr'>v.</span> <span class='ocrx_word' id='word_1_392' title='bbox 758 5035 855 5085; x_wconf 86' lang='lat' dir='ltr'>Mariae</span> <span class='ocrx_word' id='word_1_393' title='bbox 875 5035 908 5084; x_wconf 89' lang='lat' dir='ltr'>de</span> <span class='ocrx_word' id='word_1_394' title='bbox 926 5033 1020 5083; x_wconf 80' lang='lat' dir='ltr'>balneo</span> <span class='ocrx_word' id='word_1_395' title='bbox 1038 5032 1123 5096; x_wconf 86' lang='lat' dir='ltr'>agitur</span> <span class='ocrx_word' id='word_1_396' title='bbox 1146 5053 1348 5069; x_wconf 57' lang='lat'><em>············</em></span> <span class='ocrx_word' id='word_1_397' title='bbox 1411 5025 1459 5075; x_wconf 88' lang='grc'>166</span> 
     </span>
    </p>
   </div>
   <div class='ocr_carea' id='block_1_16' title="bbox 1350 5117 1368 5177">
    <p class='ocr_par' dir='ltr' id='par_1_20' title="bbox 1350 5117 1368 5177">
     <span class='ocr_line' id='line_1_49' title="bbox 1350 5117 1368 5177; baseline 0 0"><span class='ocrx_word' id='word_1_398' title='bbox 1350 5117 1368 5177; x_wconf 89' lang='grc'>8</span> 
     </span>
    </p>
   </div>
   <div class='ocr_carea' id='block_1_17' title="bbox 0 0 1882 5806">
    <p class='ocr_par' dir='ltr' id='par_1_21' title="bbox 0 0 1882 5806">
     <span class='ocr_line' id='line_1_50' title="bbox 0 0 1882 5806; baseline 0 0"><span class='ocrx_word' id='word_1_399' title='bbox 0 0 1882 5806; x_wconf 95' lang='lat' dir='ltr'> </span> 
     </span>
    </p>
   </div>
  </div>
 </body>
</html>
