3808 5792
833 573 1074 655 Doc.184.·-
1101 575 1161 640 An.
1185 589 1271 654 1523.

415 814 606 882 perpetuum
629 801 816 862 contulissse
842 801 1078 879 dinoscebatur,
1102 803 1224 864 tenoris
1247 802 1450 886 infrascripti,
1466 807 1679 888 supplicantes

416 906 573 968 Maiestati
596 919 702 968 nostre
727 905 839 988 prefati
866 907 1002 968 Michael
1020 907 1115 988 juder
1128 921 1160 970 et
1176 908 1342 970 Emericus
1358 926 1394 972 ac
1412 909 1572 992 Georgius
1587 911 1678 993 jurati

415 1011 500 1072 cives
522 1012 588 1072 suia
611 1025 642 1073 et
666 1011 825 1073 dictorum
850 1013 967 1073 civium
990 1032 1026 1074 ac
1049 1013 1153 1074 tocius
1176 1014 1418 1076 communitatis
1439 1016 1581 1097 predicte
1605 1017 1677 1078 civi·

415 1117 488 1178 tatis
510 1131 617 1180 nostre
642 1119 923 1199 Montisgrecensis
939 1117 1136 1198 nominibus,
1154 1133 1188 1180 ut
1204 1120 1393 1202 prescriptos
1409 1120 1528 1182 litteras
1544 1122 1677 1183 condem

415 1222 538 1284 domini
564 1223 684 1285 Mathie
708 1223 793 1304 regis
816 1237 848 1286 et
871 1225 981 1284 omnia
1006 1223 1037 1284 in
1063 1224 1108 1286 eis
1132 1237 1282 1287 contenta
1314 1238 1407 1304 ratas,
1436 1241 1543 1307 gratas
1574 1239 1605 1288 et
1627 1246 1675 1288 ac-

418 1341 507 1410 cepta
533 1327 696 1407 habentes,
718 1329 895 1410 litterisque
919 1329 1044 1390 nostris.
1059 1330 1314 1411 privilegialibus
1338 1333 1531 1393 verbotenus
1551 1333 1679 1394 inscribi

416 1431 569 1496 iacientes
592 1435 780 1516 approbare.
805 1435 941 1516 illasque
958 1435 1080 1497 eisdem
1094 1434 1203 1516 judici,
1221 1434 1342 1516 juraris,
1367 1437 1543 1518 ceterisque
1559 1438 1679 1499 civibus

417 1555 447 1600 er
471 1539 529 1601 toti
547 1541 769 1602 communitati
786 1540 927 1622 predicte
945 1541 1081 1602 civitatis
1098 1555 1204 1602 nostre
1219 1541 1503 1622 Montisgrecensis
1519 1542 1680 1603 modernis

417 1645 538 1706 scilicet
560 1658 591 1706 et
614 1645 728 1707 futuris
752 1645 953 1707 innovandas
976 1659 1132 1728 perpetuo
1163 1645 1315 1707 valituras
1347 1645 1537 1708 confirmare
1569 1647 1678 1728 digna·

416 1770 534 1813 remur.
560 1751 705 1824 Quarum
730 1751 862 1832 quidem
887 1751 1064 1812 litterarum
1090 1765 1182 1812 tenor
1204 1751 1277 1812 talis
1301 1765 1364 1813 est:
1382 1749 1459 1832 (vid.
1476 1753 1540 1814 vol.
1558 1753 1593 1814 ΙΙ.
1610 1753 1679 1814 doc.

420 1877 493 1940 275.
532 1877 583 1918 20.
617 1855 692 1938 maji
728 1876 802 1919 ann.
831 1855 935 1940 1472.)
968 1858 1035 1918 Nos
1067 1857 1164 1937 igitur
1195 1857 1489 1940 supplicacionibus
1522 1858 1678 1920 dictorum

416 1962 532 2044 judicis
557 1977 588 2024 et
612 1962 789 2044 juratorum
813 1963 931 2024 civium
957 1977 1138 2024 nostrorum
1164 1982 1220 2044 per
1244 1983 1299 2026 eos
1323 1965 1388 2025 suis
1412 1977 1443 2025 et
1466 1964 1571 2025 tocius
1594 1983 1679 2025 com·

418 2069 583 2132 munitatis
607 2069 690 2130 dicte
715 2069 851 2132 civitatis
875 2083 982 2130 nostre
1007 2069 1288 2150 Montisgrecensis
1304 2070 1491 2132 nominibus
1507 2083 1539 2131 et
1563 2070 1594 2130 in
1611 2089 1680 2152 per-

418 2175 505 2236 sonis
529 2188 635 2236 nostre
661 2175 817 2236 Maiestati
842 2175 1005 2256 porrectis,
1030 2175 1118 2256 regia
1150 2174 1345 2255 benignitate
1382 2175 1539 2236 exauditis
1563 2188 1594 2236 et
1618 2175 1680 2236 cle-

417 2293 541 2342 menter
565 2280 722 2359 admissis,
745 2281 935 2362 prescriptas
966 2280 1086 2342 litteras
1118 2277 1193 2341 dicti
1229 2280 1366 2344 condam
1402 2281 1525 2342 domini
1563 2281 1681 2342 Mathis

416 2387 499 2467 regis
523 2405 588 2448 non
613 2387 751 2464 abrasas,
776 2405 841 2448 non
866 2385 1056 2446 cancellatas
1078 2404 1137 2446 nec
1162 2385 1194 2446 in
1219 2385 1327 2466 aliqua
1343 2385 1392 2448 sui
1408 2400 1497 2466 parte
1521 2399 1681 2467 suspectas

417 2491 617 2574 presentibus
641 2491 755 2553 litteris
778 2491 895 2552 nostris
916 2491 1173 2572 privilegialibus
1196 2491 1264 2551 sine
1289 2490 1520 2553 dominucione
1545 2505 1577 2552 et
1605 2511 1681 2571 aug-

417 2609 527 2658 mento
551 2596 685 2678 aliquali
710 2597 854 2676 insertas,
878 2596 985 2678 quoad
1010 2616 1123 2659 omnes
1146 2615 1255 2658 earum
1272 2597 1500 2674 continentias,
1524 2596 1681 2658 clausulas

418 2717 448 2763 et
471 2703 622 2770 articulos
646 2715 777 2764 eatenus
796 2716 954 2784 quatenus
978 2702 1091 2764 eedem
1116 2703 1174 2763 rite
1199 2715 1229 2762 et
1252 2702 1410 2783 legittime
1435 2703 1574 2763 existunt
1598 2721 1681 2762 ema-

418 2821 489 2870 nate
513 2807 698 2890 viribusque
723 2827 834 2870 earum
858 2808 973 2870 veritas
996 2806 1196 2890 suffragatur,
1221 2821 1434 2890 acceptamus,
1466 2809 1681 2889 approbamus

418 2927 449 2976 et
472 2913 664 2976 ratificamus
684 2933 721 2976 ac
744 2914 873 2976 easdem
897 2927 928 2976 et
951 2913 1060 2975 omnia
1085 2914 1117 2975 in
1142 2913 1187 2974 eis
1203 2927 1351 2975 contenta
1369 2927 1546 2976 memorate
1563 2913 1681 2975 civitati

419 3034 525 3081 nostre
549 3021 830 3101 Montisgrecensis
854 3035 885 3082 et
909 3039 965 3102 per
989 3039 1190 3101 consequens
1215 3020 1348 3100 civibus,
1377 3018 1558 3101 hospitibus
1582 3033 1613 3081 et
1635 3020 1680 3080 in-

418 3127 651 3188 habitatoribus
687 3127 720 3187 in
756 3126 869 3187 eadem
905 3145 964 3208 pro
1000 3139 1144 3208 tempore
1180 3126 1456 3187 commorantibus
1491 3125 1682 3187 innovantes

418 3245 573 3314 perpetuo
590 3232 742 3293 valituras
758 3231 985 3294 confirmamus
1003 3231 1116 3292 harum
1132 3245 1324 3310 nostrarum,
1342 3251 1421 3313 quas
1437 3245 1558 3292 secreto
1575 3231 1681 3313 sigillo

418 3351 528 3399 nostro
553 3357 618 3419 quo
644 3351 678 3398 ut
701 3357 755 3400 rex
780 3338 947 3419 Hungarie
964 3337 1095 3416 utimur,
1119 3338 1319 3419 impendenti
1338 3337 1531 3400 communiri
1549 3335 1683 3399 lecimus

418 3444 528 3524 vigore
553 3457 583 3505 et
614 3444 799 3506 testimonio
834 3444 1012 3506 litterarum
1048 3443 1220 3508 mediante.
1257 3443 1361 3506 Salvis
1396 3441 1519 3525 juribus
1554 3442 1678 3504 alienis.

419 3550 537 3612 Datum
561 3550 652 3611 Bude
677 3551 708 3610 in
734 3549 815 3611 festo
839 3551 1007 3624 divisionis
1031 3551 1263 3632 apostolorum.
1288 3553 1384 3610 Anno
1419 3549 1543 3610 domini
1578 3549 1682 3610 mille·

419 3657 502 3718 simo
527 3656 787 3737 quingentesimo
811 3656 969 3738 vigesimo
993 3656 1102 3718 tercio.
1128 3656 1316 3736 Regnorum
1348 3667 1531 3718 nostrorum
1560 3654 1681 3736 predic-

419 3781 524 3829 torum
550 3781 635 3823 anno
660 3775 784 3823 octavo.

527 3884 665 3949 Originale
685 3885 710 3934 ln
730 3885 888 3935 membrana.
908 3882 986 3936 Zona
1005 3885 1108 3935 sericea
1127 3881 1225 3934 cerulei
1245 3887 1272 3934 et
1291 3883 1384 3934 viridis
1403 3883 1513 3934 coloris.
1534 3881 1562 3933 ln
1583 3883 1681 3933 archiv.

420 3973 502 4026 inclit.
523 3974 617 4024 Accad
640 3972 725 4022 scient
754 3969 858 4023 Slavor.
880 3971 970 4023 merld.

1002 4149 1087 4212 184.

524 4276 598 4324 llnno
619 4272 695 4324 1523.
715 4273 749 4322 22
774 4272 842 4337 julii.
864 4271 961 4324 Budas.

425 4392 657 4450 Cormnumtalem
680 4391 805 4446 civitatis
829 4390 946 4464 eiusque
960 4391 1036 4448 botta
1058 4390 1212 4465 daey‘cndens
1233 4391 1397 4447 Lucanicus
1422 4390 1475 4464 ll,
1502 4390 1604 4462 Hurrg.
1633 4397 1682 4446 etc.

420 4519 482 4567 rex,
500 4495 642 4574 solrartnt'
667 4497 815 4570 Torquato
837 4497 912 4553 bano
927 4495 1087 4572 praecipit,
1112 4503 1147 4553 ut
1166 4498 1391 4553 conemurrr'talem
1414 4496 1452 4552 ab
1482 4497 1685 4552 inscclatorum

923 4603 1037 4678 injuria
1060 4611 1184 4663 tueatur.

1076 4724 1234 4786 Commisslo
1254 4723 1362 4788 propria
1382 4720 1479 4773 domini
1499 4722 1572 4787 regis

525 4814 711 4874 Ludouicns
735 4813 785 4875 dei
810 4814 916 4894 gracia
949 4833 1001 4874 rex
1033 4813 1198 4894 Hungarie
1231 4826 1262 4874 et
1295 4811 1448 4873 llohemie
1483 4825 1541 4872 etc.
1580 4810 1683 4872 Fidcli

421 4933 530 4981 nostro
552 4919 719 5001 spectabili
743 4931 773 4979 et
798 4917 971 4999 magnifico
1008 4919 1124 4980 Joanni
1160 4919 1341 4998 Torquato,
1375 4917 1485 4978 comiti
1509 4915 1684 4993 Cnrbauie,

421 5044 591 5106 regnorum
619 5039 801 5086 nostrorum
829 5025 1003 5103 Dalmacie,
1028 5024 1162 5086 Croacie
1187 5039 1218 5085 ct
1243 5023 1414 5085 Sclauonie
1438 5023 1523 5083 bano
1547 5022 1684 5084 salutem
