3752 5806
395 554 432 614 16
819 553 892 612 Doc.
916 565 964 628 14.
987 584 1031 594 -
1052 550 1108 611 An.
1132 561 1222 625 1502.

400 659 485 664 —-.
501 658 520 662 —
528 657 808 664 -——-——---—-.-

391 778 593 857 utilitatibus,
618 777 893 841 fructuositatibus
916 789 947 838 et
971 775 1177 860 pertinenciis
1200 774 1358 837 universis
1381 775 1613 856 circumspecto
1630 785 1662 834 et

390 884 528 967 provido
553 884 622 946 viro
641 883 771 946 Matheo
795 883 935 946 carnifici
957 882 998 944 de
1015 882 1172 960 Dumbro,
1188 881 1292 944 Zeuer
1315 880 1413 960 dicto,
1429 880 1476 942 uti
1492 881 1557 942 iam
1573 899 1660 941 novo

391 989 515 1050 concivi
545 1002 654 1051 nostro
689 1009 725 1050 ac
756 1009 813 1072 per
843 1008 919 1054 eum
950 989 1015 1050 suis
1046 986 1219 1048 heredibus
1240 1005 1299 1068 pro
1330 986 1475 1068 quinque
1498 1000 1529 1048 et
1552 985 1661 1047 medio

391 1094 521 1157 florenis
537 1095 606 1156 auri
619 1095 690 1177 puri
707 1107 738 1155 et
751 1094 824 1156 iusti
837 1093 990 1176 ponderis
1006 1113 1062 1176 per
1079 1092 1218 1155 eundem
1233 1091 1398 1154 Matheum
1414 1092 1519 1154 eidem
1532 1091 1662 1154 mulieri

394 1200 506 1279 Elene,
531 1201 612 1261 sicut
635 1200 770 1282 ipsamet
793 1200 886 1261 nobis
909 1199 1028 1278 retulit,
1052 1199 1117 1260 iarn
1140 1198 1295 1281 persoluti
1319 1197 1525 1278 vendidisset,
1547 1215 1660 1281 ymmo

393 1305 540 1368 vendidit
573 1325 681 1368 coram
714 1305 808 1367 nobis
842 1305 911 1386 jure
942 1317 1098 1390 perpetuo
1132 1317 1163 1367 et
1190 1303 1442 1366 irrevocabiliter
1475 1303 1660 1382 tenendam,

393 1411 622 1493 possidendam
645 1411 763 1493 pariter
786 1423 817 1472 et
839 1411 1032 1472 habendam.
1057 1410 1198 1472 Demum
1223 1428 1299 1470 vero
1323 1409 1458 1492 provida
1480 1423 1512 1472 et
1525 1409 1661 1472 honesta

393 1517 525 1579 domina
556 1521 661 1596 Anna,
686 1517 796 1580 relicta
828 1517 966 1579 condam
989 1516 1081 1578 Pauli
1112 1516 1253 1594 litterati,
1277 1515 1355 1577 alias
1390 1515 1525 1577 senioris
1547 1514 1663 1597 judicis

394 1635 425 1684 et
451 1623 593 1685 concivis
625 1623 736 1703 nostri,
760 1635 866 1686 astans
886 1623 1097 1706 personaliter
1128 1641 1236 1684 coram
1259 1621 1354 1682 nobis
1377 1621 1525 1684 similiter
1545 1635 1659 1703 sponte

396 1727 540 1792 confessa
565 1743 628 1791 est:
654 1729 791 1810 qualiter
811 1731 879 1812 ipsa
896 1728 1072 1812 quemdam
1088 1740 1195 1790 ortum
1211 1747 1306 1790 suum
1323 1727 1356 1789 in
1372 1727 1531 1790 territorio
1548 1741 1661 1802 nostro

394 1854 450 1896 seu
474 1835 610 1898 civitatis
633 1835 775 1917 predicte
800 1837 881 1898 inter
904 1847 992 1898 ortos
1014 1833 1171 1898 heredum
1194 1853 1250 1895 seu
1278 1853 1498 1896 successorum
1521 1832 1659 1896 condam

395 1939 550 2002 iohannis
574 1940 798 2024 Soldinarych,
815 1941 894 2003 olim
918 1941 1053 2003 senioris
1077 1939 1192 2022 judicis
1216 1953 1247 2002 et
1268 1939 1408 2002 concivis
1425 1939 1523 2000 nostri
1540 1940 1581 2001 ab
1597 1958 1662 2000 una

395 2045 545 2107 videlicet
567 2047 832 2129 septemtrionali,
856 2049 896 2108 ab
920 2047 1018 2108 altera
1042 2066 1118 2108 vero
1145 2047 1290 2128 partibus
1312 2045 1434 2106 scilicet
1457 2043 1662 2106 meridionali

395 2151 542 2213 similiter
576 2151 732 2214 heredum
766 2173 822 2214 seu
857 2172 1078 2216 successorum
1112 2152 1251 2214 condam
1288 2151 1420 2233 Georgii
1456 2150 1659 2234 Vythltoych,

395 2256 541 2318 similiter
557 2257 636 2319 olim
652 2258 787 2319 senioris
803 2257 918 2339 judicis
943 2273 974 2320 et
990 2259 1131 2320 concivis
1146 2258 1259 2338 nostri,
1276 2278 1294 2319 a
1310 2271 1398 2339 parte
1420 2277 1497 2319 vero
1514 2255 1662 2318 orientali

395 2381 497 2444 usque
520 2361 655 2424 fluvium
681 2363 943 2447 Medwednycza,
967 2365 1070 2447 ipsam
1103 2364 1223 2427 scilicet
1247 2363 1413 2425 dominam
1442 2366 1569 2424 Annam
1592 2381 1663 2423 mu·

395 2467 507 2530 lierem
530 2489 547 2530 a
571 2468 695 2551 prelato
719 2469 857 2532 condam
881 2470 983 2532 Paulo
1007 2469 1157 2548 litterato,
1178 2470 1294 2532 marito
1317 2488 1376 2530 suo
1400 2469 1571 2550 legittimo,
1590 2481 1664 2550 post

396 2574 522 2636 obitum
546 2575 691 2637 eiusdem
715 2576 802 2638 iuxta
826 2577 992 2658 antiquam
1017 2589 1048 2638 et
1070 2577 1281 2658 approbatam
1304 2573 1570 2638 consvetudinem
1593 2573 1663 2655 jure

396 2681 593 2743 successorio
626 2695 884 2762 concernentem,
908 2681 1005 2744 simul
1038 2701 1112 2744 cum
1144 2681 1297 2744 omnibus
1324 2680 1469 2742 eiusdem
1492 2679 1553 2741 orti
1577 2679 1663 2741 utili·

379 2787 524 2866 tatibus,
548 2789 668 2867 usibus,
693 2787 816 2869 juribus
840 2801 871 2849 et
894 2788 1100 2870 pertinenciis
1124 2787 1280 2849 universis
1303 2785 1426 2870 prelato
1448 2785 1579 2848 Matheo
1597 2804 1663 2846 car-

397 2892 481 2954 nifici
517 2913 553 2954 ac
583 2914 640 2975 per
671 2914 746 2955 eum
777 2895 842 2956 suis
875 2894 1046 2956 heredibus
1070 2912 1128 2976 pro
1162 2912 1226 2954 uno
1256 2905 1287 2954 et
1311 2892 1420 2955 medio
1444 2892 1569 2954 floreno
1593 2892 1662 2953 auri

397 2998 468 3080 puri
493 3011 524 3060 et
549 2999 622 3060 iusti
647 3000 800 3082 ponderis
823 3019 880 3082 per
911 3000 1052 3062 eundem
1077 2999 1243 3060 Matheum
1268 2998 1374 3060 eidem
1401 2998 1533 3060 domine
1558 3001 1663 3076 Anne,

401 3105 482 3165 sicut
506 3105 641 3186 ipsamet
663 3106 758 3168 nobis
785 3107 903 3185 retulit,
928 3107 992 3168 iam
1015 3105 1196 3189 persolutis,
1222 3105 1427 3184 vendidisset,
1450 3124 1562 3188 ymmo
1586 3125 1663 3167 ven·

399 3209 480 3271 didit
505 3229 613 3272 coram
639 3212 733 3274 nobis
757 3211 824 3294 jure
848 3225 1006 3295 perpetuo
1030 3225 1061 3274 et
1084 3212 1334 3274 irrevocabiliter
1356 3211 1544 3290 tenendum,
1563 3211 1664 3293 possi-

399 3315 541 3378 dendum
565 3318 683 3400 pariter
706 3332 738 3380 et
761 3318 946 3380 habendum
970 3338 1005 3381 ac
1029 3320 1116 3380 iuxta
1139 3319 1365 3380 condicionem
1389 3318 1524 3380 civitatis
1547 3338 1663 3400 preno-

398 3421 518 3483 minate
531 3424 571 3484 ab
584 3424 717 3504 antiquo
729 3426 939 3506 approbatam
948 3424 1255 3507 quomodocumque
1268 3424 1406 3488 voluerit
1414 3423 1663 3506 disponendum.

400 3529 433 3588 ln
445 3527 549 3589 cuius
573 3529 617 3589 rei
634 3530 825 3591 memoriam
851 3543 947 3610 atque
963 3530 1195 3608 testimonium,
1208 3528 1456 3612 firmitatemque
1475 3543 1664 3612 perpetuam

399 3646 560 3714 presentes
592 3634 711 3696 litteras
750 3648 873 3696 nostras
907 3637 965 3696 sub
1004 3636 1111 3718 sigillo
1147 3649 1256 3698 nostro
1295 3636 1459 3698 communi
1499 3637 1664 3698 roboratas

399 3739 549 3801 duximus
573 3740 805 3803 concedendas.
829 3741 948 3802 Datum
972 3740 1049 3802 seria
1072 3741 1211 3803 secunda
1235 3742 1380 3823 proxima
1408 3743 1441 3804 in
1466 3740 1548 3804 festo
1564 3742 1662 3804 sancti

400 3845 490 3906 Pauli
505 3846 599 3926 pritni
612 3845 786 3908 Heremite.
799 3849 895 3910 Anno
912 3847 1036 3909 domini
1049 3847 1222 3910 millesimo
1236 3847 1494 3929 quingentesimo
1510 3847 1663 3910 secundo,

506 3983 641 4050 originale
659 3983 686 4037 in
705 3988 864 4039 membrana.
879 3987 1004 4051 impressi
1024 3985 1107 4052 sigilli
1125 3989 1223 4039 nullum
1251 3990 1326 4039 adest
1345 3986 1496 4053 vestigium.
1519 3989 1547 4040 ln
1567 3985 1663 4040 archiv.

400 4072 481 4126 inclit.
501 4073 595 4126 llccad.
615 4071 712 4126 Sciant.
733 4071 835 4128 Slavor.
854 4073 947 4128 merid.

1004 4307 1062 4370 14.

505 4449 582 4499 Anno
602 4447 678 4510 1502,
697 4447 739 4500 23.
759 4445 892 4499 februarii.
913 4447 1010 4500 Budae.

504 4588 689 4650 Vladislaus
723 4608 774 4649 rex
808 4588 839 4648 in
874 4589 999 4669 urgenti
1031 4588 1159 4670 publica
1195 4589 1285 4670 regni
1321 4590 1507 4652 necessitate
1535 4611 1553 4652 a
1579 4593 1663 4654 Luca

402 4693 553 4775 episcopo
585 4694 783 4775 zagrabiensi
816 4707 846 4755 et
870 4694 1011 4775 capitulo
1042 4694 1082 4755 de
1118 4695 1181 4756 illis
1212 4695 1367 4776 pecuniis,
1392 4715 1472 4777 quas
1502 4695 1665 4759 Osvaldus

402 4798 567 4877 quondam
592 4799 761 4880 episcopus
785 4800 999 4880 zagrabiensis
1022 4820 1080 4882 pro
1105 4800 1274 4862 ordinariis
1293 4801 1397 4862 missis
1419 4803 1583 4883 perpetuis
1606 4823 1664 4886 pro

402 4903 509 4964 anima
542 4923 598 4964 sua
629 4905 661 4965 in
690 4906 822 4966 ecclesia
858 4907 1056 4987 zagrabiensi
1093 4919 1288 4987 reposuerat,
1321 4925 1406 4970 2000
1436 4907 1507 4968 flor.
1550 4923 1664 4971 mutuo

403 5009 534 5089 accepit,
559 5011 705 5090 obligans
729 5032 761 5072 se
779 5014 877 5074 verbo
897 5013 997 5093 regin,
1015 5012 1102 5093 quod
1117 5012 1156 5073 de
1174 5013 1317 5094 pecuniis
1334 5033 1350 5074 a
1369 5013 1523 5075 Dominio
1540 5014 1664 5076 Veneto
