3900 5804
465 556 526 637 318
861 558 983 618 Statura
1006 535 1304 618 Praebendoriorum.

620 663 694 670 --.-.
1131 665 1142 670 -
1366 665 1416 670 ..—
1422 657 1727 670 ———..—-————

462 783 684 845 viennensem.
702 783 819 845 Parvas
843 783 940 846 idrias
963 785 1108 866 proprias
1131 783 1248 846 habere
1273 783 1413 862 debebit,
1429 797 1592 866 presentes
1608 794 1729 856 autem,

463 909 526 971 que
550 889 579 951 ei
609 889 782 968 dabuntur,
807 909 865 970 pro
897 890 1076 951 inventario
1111 890 1312 950 conservabit
1343 890 1421 950 dum
1452 889 1591 952 dimittet
1621 888 1727 968 ipsum

463 997 625 1074 balneum,
648 995 784 1057 totidem
809 996 955 1076 reliquot.
979 998 1088 1057 Anbas
1113 995 1267 1074 fornaces,
1291 997 1422 1078 quando
1455 995 1656 1076 indigebunt,
1681 1013 1728 1054 re-

463 1100 600 1162 formare
623 1101 794 1162 tenebitur.
820 1099 928 1162 Cados
952 1101 1101 1181 antiquos
1125 1101 1271 1162 similiter
1302 1101 1499 1178 reformabit,
1523 1119 1625 1162 novos
1649 1098 1727 1158 dum

463 1209 541 1268 etsi
566 1207 703 1289 placebit
726 1206 857 1268 habebit
881 1227 899 1268 a
923 1206 1083 1269 fratribus.
1109 1207 1159 1267 Ad
1184 1207 1361 1270 radendum
1388 1209 1502 1270 barbas
1518 1205 1649 1267 fratrum
1673 1203 1727 1264 ha·

464 1313 552 1374 bebit
575 1332 648 1374 cum
672 1313 738 1374 suis
762 1313 969 1374 servitoribus
1000 1327 1072 1394 apta
1096 1313 1226 1392 rasoria,
1261 1333 1326 1375 non
1359 1313 1413 1374 illa
1445 1313 1579 1390 laicalia,
1611 1311 1729 1392 quibus

464 1419 618 1481 raduntur
651 1419 769 1480 rustici.
796 1419 931 1480 Videtur
964 1418 1078 1480 honori
1112 1417 1245 1480 fratrum
1277 1433 1308 1480 et
1341 1419 1488 1480 omnium
1520 1418 1729 1480 dominorum

463 1525 514 1586 hic
538 1525 747 1620 existencium
771 1526 909 1586 maxime
934 1525 1145 1606 condignum,
1170 1539 1204 1586 ut
1227 1525 1304 1586 dum
1329 1525 1429 1606 aliqui
1454 1524 1605 1602 extranei,
1629 1522 1728 1604 potis-

463 1631 542 1692 sime
567 1631 699 1693 clientes
723 1631 859 1694 alicuius
884 1631 1095 1714 reputationis
1119 1633 1150 1693 in
1176 1632 1293 1694 balneo
1318 1631 1447 1710 fuerint,
1466 1630 1577 1693 fratres
1599 1629 1727 1712 inspici·

464 1751 552 1798 entes
573 1736 731 1798 honorem
755 1738 921 1820 proprium
946 1738 1167 1820 unusquisque
1193 1739 1278 1799 iuxta
1294 1757 1388 1799 suum
1407 1751 1523 1800 statum
1541 1735 1727 1820 patientiam

464 1843 580 1924 poterit
603 1841 730 1920 habere,
755 1844 873 1905 scimus
896 1844 994 1923 enirn,
1018 1843 1106 1925 quod
1131 1863 1257 1926 semper
1281 1843 1414 1906 clientes
1438 1842 1543 1904 infesti
1568 1854 1641 1903 suut
1664 1841 1727 1902 cle·

464 1949 547 2027 ricis,
572 1967 612 2010 ne
636 1950 766 2011 videant
797 1950 880 2031 ipsas
913 1948 1270 2028 servitricesfratribus
1301 1950 1483 2028 servientes,
1518 1947 1730 2010 dehonestent

466 2055 621 2136 aliquem,
644 2069 740 2136 prout
763 2055 867 2116 visum
892 2069 939 2117 est
961 2056 1068 2137 sepius
1092 2055 1231 2138 idipsum
1256 2053 1334 2117 fieri.
1352 2054 1514 2116 Articulus
1538 2067 1644 2116 autem
1661 2053 1728 2134 ipse

464 2180 528 2222 non
553 2175 599 2222 est
625 2161 815 2222 revelandus
839 2161 1027 2240 balneatori,
1053 2161 1190 2242 quilibet
1206 2160 1339 2222 fratrum
1356 2161 1472 2242 poterit
1488 2159 1628 2242 cogitare
1645 2159 1728 2220 intra

464 2287 496 2327 se
531 2265 709 2328 secundum
732 2285 827 2327 suurn
851 2265 1019 2345 honorem,
1044 2266 1122 2348 quid
1147 2280 1223 2328 tunc
1247 2265 1431 2328 faciendum
1455 2267 1532 2342 erit;
1557 2266 1635 2326 dum
1652 2284 1729 2328 vero

463 2372 542 2433 tales
566 2390 630 2432 non
653 2384 736 2450 sunt,
761 2385 875 2432 extunc
899 2386 993 2453 prout
1017 2372 1108 2433 decet
1132 2371 1280 2434 fratribus
1297 2373 1441 2453 singulis,
1459 2385 1524 2433 tarn
1548 2373 1729 2434 senioribus

464 2497 562 2558 quam
586 2477 767 2539 iunioribus
790 2477 895 2538 honor
918 2477 1115 2540 exhibeatur.

568 2675 617 2732 De
639 2675 727 2730 mz‘sso
749 2673 829 2732 beate
852 2675 976 2747 vr'rgim's
1007 2675 1131 2748 singulis
1152 2674 1311 2732 sabbatinis
1334 2675 1436 2736 diebus
1462 2677 1563 2734 statim
1580 2683 1650 2750 post
1662 2677 1731 2750 pn'·

464 2798 539 2836 mom
562 2779 681 2838 mr'ssom
704 2780 827 2838 eiusdem
851 2781 975 2854 virginis
999 2779 1031 2839 in
1063 2799 1120 2837 ora
1142 2781 1277 2855 sepedicto
1300 2783 1424 2856 virginis
1443 2779 1570 2856 gloriose
1584 2791 1644 2856 pro
1675 2781 1730 2840 Go-

464 2885 547 2959 orgia
576 2885 690 2943 chr'no
715 2895 774 2960 per
803 2886 929 2944 dominos
959 2887 1170 2944 Probendonos
1202 2883 1286 2947 cloori
1313 2889 1424 2947 ecclesie
1447 2890 1651 2964 zograbiensis,
1674 2889 1735 2962 legi

463 3000 605 3050 consecto.

571 3115 638 3175 Nos
660 3113 850 3176 universitas
874 3113 1081 3176 dominorum
1106 3115 1394 3178 Prebendariorum
1412 3114 1501 3178 chori
1526 3115 1658 3177 ecclesie
1676 3135 1729 3176 za-

463 3220 641 3302 grabiensis
664 3232 776 3282 tenore
799 3220 996 3302 presentium
1019 3219 1246 3301 significamus,
1270 3223 1388 3304 quibus
1411 3222 1540 3304 expedit
1563 3222 1730 3283 universis.

466 3325 564 3400 Quod
588 3327 664 3407 quia
688 3327 879 3388 venerabilis
895 3327 1046 3388 dominus
1063 3325 1223 3408 Georgius
1247 3327 1287 3389 de
1305 3328 1470 3406 Ywanich,
1487 3327 1731 3390 archidiaconus

465 3431 505 3493 de
530 3431 629 3494 Bexin
654 3445 685 3494 et
708 3432 881 3494 canonicus
905 3433 988 3494 dicte
1012 3433 1145 3494 ecclesie
1162 3434 1389 3516 zagrabiensis,
1405 3436 1448 3495 ob
1471 3453 1561 3516 spem
1579 3447 1610 3496 et
1628 3451 1730 3494 reme-

466 3538 556 3599 dium
580 3538 690 3600 salutis
713 3538 821 3600 anime
844 3558 912 3616 sue,
929 3551 1098 3620 parentum
1115 3551 1146 3600 et
1162 3540 1310 3601 omniurn
1327 3537 1570 3602 benefactorum
1586 3559 1730 3618 suorum,

465 3663 523 3727 pro
547 3642 655 3705 arduis
678 3643 822 3726 negociis
845 3644 971 3724 nostris,
995 3645 1089 3706 nobis
1113 3645 1372 3707 incumbentibus
1396 3659 1427 3707 et
1451 3665 1510 3708 nos
1533 3645 1731 3727 urgentibus,

466 3763 594 3810 centum
619 3749 760 3811 florenos
785 3749 853 3811 auri
878 3751 960 3832 puri,
985 3751 1062 3812 boni
1087 3764 1118 3812 et
1142 3751 1214 3812 iusti
1238 3750 1410 3832 ponderis;
1436 3752 1513 3812 item
1544 3771 1646 3814 unum
1680 3771 1730 3814 ca·

464 3855 559 3916 licem
583 3868 769 3935 argenteum
794 3855 981 3917 deauratum
1008 3875 1080 3918 curn
1106 3869 1231 3939 patena,
1256 3876 1353 3918 unam
1377 3857 1518 3918 casulam
1550 3857 1590 3918 de
1620 3858 1731 3920 veluto

466 3973 496 4020 et
520 3979 618 4022 unam
643 3980 777 4042 cappam
801 3961 949 4022 similiter
973 3961 1012 4022 de
1037 3962 1146 4023 veluto
1179 3961 1260 4043 nigri
1293 3962 1420 4040 coloris,
1454 3982 1550 4024 unam
1582 3963 1622 4024 de
1657 3964 1731 4026 alba

467 4068 605 4129 ltamuka
628 4085 702 4128 curn
726 4086 818 4129 cruce
842 4087 938 4159 aurea
963 4081 993 4129 et
1017 4068 1097 4130 duas
1120 4069 1266 4150 ampulas
1290 4081 1465 4148 argenteas,
1483 4069 1576 4130 nobis
1592 4089 1651 4151 pro
1669 4069 1730 4131 deo

466 4173 602 4236 contulit
625 4186 655 4234 et
679 4173 822 4253 donavit,
846 4193 881 4236 ac
913 4173 991 4235 alias
1023 4175 1214 4235 elemosinas
1238 4175 1324 4234 iuxta
1355 4193 1445 4235 suam
1475 4172 1658 4236 facultatem
1691 4175 1730 4236 ad

466 4278 757 4341 confraternitatem
782 4293 922 4342 nostram
947 4279 1049 4341 facere
1074 4280 1265 4362 promiserit,
1290 4280 1362 4342 ideo
1399 4300 1458 4342 nos
1481 4281 1628 4343 nolentes
1663 4301 1729 4342 esse

467 4385 672 4447 immemores
696 4399 727 4446 et
751 4386 865 4466 ingrati
890 4399 1052 4447 tantorum
1076 4385 1306 4448 beneficiorum
1329 4405 1459 4448 suorum
1478 4387 1686 4468 promisimus
1702 4403 1732 4448 et

466 4490 547 4552 serie
571 4492 771 4572 presencium
795 4491 1023 4572 promittimus,
1047 4505 1205 4572 quatenus
1235 4491 1354 4552 amodo
1387 4506 1417 4553 et
1449 4493 1599 4574 deinceps
1630 4513 1666 4554 ac
1699 4493 1731 4554 in

466 4610 658 4680 perpetuum
682 4603 713 4656 ln
738 4618 796 4656 ora
815 4601 940 4672 gloriose
960 4608 989 4658 et
1011 4597 1191 4658 beatissime
1215 4598 1348 4678 virginis
1380 4598 1490 4676 Marie,
1516 4599 1548 4660 in
1573 4598 1656 4660 dicta
1682 4619 1731 4661 ec·

467 4703 562 4764 clesia
586 4703 783 4784 zagrabiensi
809 4701 941 4764 fundata
963 4715 1005 4764 ·et
1029 4717 1218 4782 constructa,
1242 4723 1279 4764 ac
1302 4722 1358 4785 per
1390 4704 1529 4765 eundem
1561 4704 1731 4766 dominum

468 4808 646 4891 Georgium
671 4809 933 4871 archidiaconum
962 4809 1122 4888 decorata,
1148 4810 1283 4890 singulis
1300 4809 1415 4872 diebus
1441 4811 1616 4872 sabbatinis
1633 4831 1729 4872 unam

467 4917 596 4977 missam
621 4915 660 4976 de
685 4919 798 4978 eadem
823 4917 945 4997 virgine
969 4915 1110 4994 gloriosa
1135 4935 1206 4976 curn
1232 4915 1356 4977 duabus
1393 4916 1535 4977 collectis
1562 4917 1643 4994 aliis,
1668 4937 1730 4978 una

467 5021 625 5099 videlicet,
643 5021 712 5103 ipso
728 5023 873 5084 vivente:
891 5041 949 5104 pro
973 5021 1109 5103 peccatis
1133 5035 1163 5082 et
1187 5021 1249 5083 alia
1273 5039 1350 5103 pro:
1374 5021 1526 5083 omnibus
1549 5021 1731 5084 benefacto·
