<?xml version="1.0" encoding="UTF-8"?>
<!DOCTYPE html PUBLIC "-//W3C//DTD XHTML 1.0 Transitional//EN"
    "http://www.w3.org/TR/xhtml1/DTD/xhtml1-transitional.dtd">
<html xmlns="http://www.w3.org/1999/xhtml" xml:lang="en" lang="en">
 <head>
  <title>
</title>
<meta http-equiv="Content-Type" content="text/html;charset=utf-8" />
  <meta name='ocr-system' content='tesseract 3.04.00' />
  <meta name='ocr-capabilities' content='ocr_page ocr_carea ocr_par ocr_line ocrx_word'/>
</head>
<body>
  <div class='ocr_page' id='page_1' title='image "./monumentahistor16laszgoog_0280.png"; bbox 0 0 3732 5802; ppageno 0'>
   <div class='ocr_carea' id='block_1_1' title="bbox 422 497 1259 575">
    <p class='ocr_par' dir='ltr' id='par_1_1' title="bbox 422 497 1259 575">
     <span class='ocr_line' id='line_1_1' title="bbox 422 497 1259 575; baseline -0.001 -18"><span class='ocrx_word' id='word_1_1' title='bbox 422 515 481 575; x_wconf 87' lang='lat'><strong>144</strong></span> <span class='ocrx_word' id='word_1_2' title='bbox 835 497 907 556; x_wconf 78' lang='lat' dir='ltr'><strong>Dec.</strong></span> <span class='ocrx_word' id='word_1_3' title='bbox 933 509 999 571; x_wconf 84' lang='lat'><em>119.</em></span> <span class='ocrx_word' id='word_1_4' title='bbox 1027 529 1066 540; x_wconf 90' lang='lat'><strong>·-</strong></span> <span class='ocrx_word' id='word_1_5' title='bbox 1091 497 1148 554; x_wconf 87' lang='lat' dir='ltr'><strong>An.</strong></span> <span class='ocrx_word' id='word_1_6' title='bbox 1175 507 1259 570; x_wconf 83' lang='lat'><em>1515.</em></span> 
     </span>
    </p>
   </div>
   <div class='ocr_carea' id='block_1_2' title="bbox 420 601 1677 609">
    <p class='ocr_par' dir='ltr' id='par_1_2' title="bbox 420 601 1677 609">
     <span class='ocr_line' id='line_1_2' title="bbox 420 601 1677 609; baseline -0.001 0"><span class='ocrx_word' id='word_1_7' title='bbox 420 601 807 609; x_wconf 74' lang='lat'>—-....—.---—..—-——-—-</span> <span class='ocrx_word' id='word_1_8' title='bbox 1234 602 1374 608; x_wconf 79' lang='grc'><strong>..--...-</strong></span> <span class='ocrx_word' id='word_1_9' title='bbox 1385 601 1677 608; x_wconf 48' lang='grc' dir='ltr'><strong>-ῌ-ψ--η-</strong></span> 
     </span>
    </p>
   </div>
   <div class='ocr_carea' id='block_1_3' title="bbox 416 723 1686 1124">
    <p class='ocr_par' dir='ltr' id='par_1_3' title="bbox 416 723 1686 1124">
     <span class='ocr_line' id='line_1_3' title="bbox 417 723 1685 806; baseline 0 -23"><span class='ocrx_word' id='word_1_10' title='bbox 417 723 549 786; x_wconf 88' lang='lat' dir='ltr'><strong>tionem.</strong></span> <span class='ocrx_word' id='word_1_11' title='bbox 583 723 701 784; x_wconf 87' lang='lat' dir='ltr'><strong>Datum</strong></span> <span class='ocrx_word' id='word_1_12' title='bbox 734 724 897 806; x_wconf 90' lang='lat' dir='ltr'><strong>Strigonii.</strong></span> <span class='ocrx_word' id='word_1_13' title='bbox 930 727 1025 785; x_wconf 86' lang='lat' dir='ltr'><strong>Anno</strong></span> <span class='ocrx_word' id='word_1_14' title='bbox 1055 723 1283 786; x_wconf 83' lang='lat' dir='ltr'><strong>incarnationis</strong></span> <span class='ocrx_word' id='word_1_15' title='bbox 1317 723 1685 784; x_wconf 75' lang='lat' dir='ltr'><strong>dominicemillesimo</strong></span> 
     </span>
     <span class='ocr_line' id='line_1_4' title="bbox 417 828 1686 912; baseline -0.001 -21"><span class='ocrx_word' id='word_1_16' title='bbox 417 831 677 912; x_wconf 88' lang='lat' dir='ltr'><strong>quingentesimo</strong></span> <span class='ocrx_word' id='word_1_17' title='bbox 716 830 969 912; x_wconf 90' lang='lat' dir='ltr'><strong>quintodecim0,</strong></span> <span class='ocrx_word' id='word_1_18' title='bbox 1007 831 1101 892; x_wconf 90' lang='lat' dir='ltr'><strong>tertio</strong></span> <span class='ocrx_word' id='word_1_19' title='bbox 1141 830 1215 892; x_wconf 88' lang='lat' dir='ltr'><strong>idus</strong></span> <span class='ocrx_word' id='word_1_20' title='bbox 1249 831 1439 892; x_wconf 89' lang='lat' dir='ltr'><strong>decembris.</strong></span> <span class='ocrx_word' id='word_1_21' title='bbox 1476 828 1686 891; x_wconf 87' lang='lat' dir='ltr'><strong>Pontificatus</strong></span> 
     </span>
     <span class='ocr_line' id='line_1_5' title="bbox 416 935 1684 1019; baseline -0.002 -21"><span class='ocrx_word' id='word_1_22' title='bbox 416 938 606 998; x_wconf 79' lang='lat' dir='ltr'><strong>sanctissimi</strong></span> <span class='ocrx_word' id='word_1_23' title='bbox 630 938 662 998; x_wconf 94' lang='lat' dir='ltr'><strong>in</strong></span> <span class='ocrx_word' id='word_1_24' title='bbox 688 936 817 999; x_wconf 88' lang='lat' dir='ltr'><strong>Christo</strong></span> <span class='ocrx_word' id='word_1_25' title='bbox 840 938 938 1019; x_wconf 86' lang='lat' dir='ltr'><strong>patris</strong></span> <span class='ocrx_word' id='word_1_26' title='bbox 961 951 992 998; x_wconf 91' lang='lat' dir='ltr'><strong>et</strong></span> <span class='ocrx_word' id='word_1_27' title='bbox 1016 937 1140 998; x_wconf 93' lang='lat' dir='ltr'><strong>domini</strong></span> <span class='ocrx_word' id='word_1_28' title='bbox 1157 937 1268 1016; x_wconf 86' lang='lat' dir='ltr'><strong>nostri,</strong></span> <span class='ocrx_word' id='word_1_29' title='bbox 1285 936 1409 998; x_wconf 94' lang='lat' dir='ltr'><strong>domini</strong></span> <span class='ocrx_word' id='word_1_30' title='bbox 1429 936 1558 1013; x_wconf 84' lang='lat' dir='ltr'><strong>Leonis,</strong></span> <span class='ocrx_word' id='word_1_31' title='bbox 1576 935 1684 996; x_wconf 85' lang='lat' dir='ltr'><strong>divina</strong></span> 
     </span>
     <span class='ocr_line' id='line_1_6' title="bbox 420 1039 1118 1124; baseline 0 -20"><span class='ocrx_word' id='word_1_32' title='bbox 420 1043 622 1124; x_wconf 85' lang='lat' dir='ltr'><strong>providentia</strong></span> <span class='ocrx_word' id='word_1_33' title='bbox 646 1039 727 1124; x_wconf 80' lang='lat' dir='ltr'><strong>pape</strong></span> <span class='ocrx_word' id='word_1_34' title='bbox 752 1042 880 1121; x_wconf 87' lang='lat' dir='ltr'><strong>decimi,</strong></span> <span class='ocrx_word' id='word_1_35' title='bbox 904 1063 990 1104; x_wconf 88' lang='lat' dir='ltr'><strong>anno</strong></span> <span class='ocrx_word' id='word_1_36' title='bbox 1014 1042 1118 1104; x_wconf 91' lang='lat' dir='ltr'><strong>tertio.</strong></span> 
     </span>
    </p>
   </div>
   <div class='ocr_carea' id='block_1_4' title="bbox 419 1181 1684 1338">
    <p class='ocr_par' dir='ltr' id='par_1_4' title="bbox 419 1181 1684 1338">
     <span class='ocr_line' id='line_1_7' title="bbox 525 1181 1684 1259; baseline -0.003 -25"><span class='ocrx_word' id='word_1_37' title='bbox 525 1182 662 1249; x_wconf 84' lang='lat' dir='ltr'><strong>Originale</strong></span> <span class='ocrx_word' id='word_1_38' title='bbox 690 1185 716 1234; x_wconf 94' lang='lat' dir='ltr'><strong>in</strong></span> <span class='ocrx_word' id='word_1_39' title='bbox 742 1185 900 1248; x_wconf 86' lang='lat' dir='ltr'><strong>membrana,</strong></span> <span class='ocrx_word' id='word_1_40' title='bbox 920 1200 935 1235; x_wconf 86' lang='lat' dir='ltr'><strong>a</strong></span> <span class='ocrx_word' id='word_1_41' title='bbox 954 1199 1022 1235; x_wconf 86' lang='lat' dir='ltr'><strong>zona</strong></span> <span class='ocrx_word' id='word_1_42' title='bbox 1041 1185 1143 1236; x_wconf 85' lang='lat' dir='ltr'><strong>sericea</strong></span> <span class='ocrx_word' id='word_1_43' title='bbox 1162 1185 1294 1259; x_wconf 83' lang='lat' dir='ltr'><strong>appendet</strong></span> <span class='ocrx_word' id='word_1_44' title='bbox 1313 1183 1439 1248; x_wconf 80' lang='lat' dir='ltr'><strong>sigillum.</strong></span> <span class='ocrx_word' id='word_1_45' title='bbox 1460 1181 1487 1232; x_wconf 91' lang='lat' dir='ltr'><strong>ln</strong></span> <span class='ocrx_word' id='word_1_46' title='bbox 1507 1182 1604 1232; x_wconf 86' lang='lat' dir='ltr'><strong>archiv.</strong></span> <span class='ocrx_word' id='word_1_47' title='bbox 1625 1195 1684 1231; x_wconf 89' lang='lat' dir='ltr'><strong>ven.</strong></span> 
     </span>
     <span class='ocr_line' id='line_1_8' title="bbox 419 1272 1008 1338; baseline 0.005 -16"><span class='ocrx_word' id='word_1_48' title='bbox 419 1272 503 1336; x_wconf 84' lang='lat' dir='ltr'><strong>Capit.</strong></span> <span class='ocrx_word' id='word_1_49' title='bbox 523 1287 593 1338; x_wconf 85' lang='lat' dir='ltr'><strong>zagr.</strong></span> <span class='ocrx_word' id='word_1_50' title='bbox 613 1273 672 1324; x_wconf 85' lang='grc' dir='ltr'><strong>Δεῖ.</strong></span> <span class='ocrx_word' id='word_1_51' title='bbox 692 1277 744 1324; x_wconf 85' lang='lat' dir='ltr'><strong>ant.</strong></span> <span class='ocrx_word' id='word_1_52' title='bbox 764 1273 827 1326; x_wconf 79' lang='lat' dir='ltr'><strong>fasc.</strong></span> <span class='ocrx_word' id='word_1_53' title='bbox 849 1274 889 1325; x_wconf 90' lang='grc'><strong>79.</strong></span> <span class='ocrx_word' id='word_1_54' title='bbox 909 1287 947 1325; x_wconf 92' lang='lat' dir='ltr'><strong>nr.</strong></span> <span class='ocrx_word' id='word_1_55' title='bbox 969 1272 1008 1325; x_wconf 82' lang='lat'><strong>15.</strong></span> 
     </span>
    </p>
   </div>
   <div class='ocr_carea' id='block_1_5' title="bbox 1011 1555 1088 1622">
    <p class='ocr_par' dir='ltr' id='par_1_5' title="bbox 1011 1555 1088 1622">
     <span class='ocr_line' id='line_1_9' title="bbox 1011 1555 1088 1622; baseline -0.026 -2"><span class='ocrx_word' id='word_1_56' title='bbox 1011 1555 1088 1622; x_wconf 82' lang='lat'>119.</span> 
     </span>
    </p>
   </div>
   <div class='ocr_carea' id='block_1_6' title="bbox 522 1682 1103 1759">
    <p class='ocr_par' dir='ltr' id='par_1_6' title="bbox 522 1682 1103 1759">
     <span class='ocr_line' id='line_1_10' title="bbox 522 1682 1103 1759; baseline 0.002 -13"><span class='ocrx_word' id='word_1_57' title='bbox 522 1695 597 1747; x_wconf 75' lang='lat' dir='ltr'><strong>Anno</strong></span> <span class='ocrx_word' id='word_1_58' title='bbox 617 1695 694 1759; x_wconf 81' lang='lat'><strong>1515,</strong></span> <span class='ocrx_word' id='word_1_59' title='bbox 714 1709 805 1746; x_wconf 85' lang='lat' dir='ltr'><strong>mense</strong></span> <span class='ocrx_word' id='word_1_60' title='bbox 825 1695 965 1749; x_wconf 87' lang='lat' dir='ltr'><strong>decenbri.</strong></span> <span class='ocrx_word' id='word_1_61' title='bbox 984 1682 1103 1748; x_wconf 71' lang='lat' dir='ltr'><strong>Casurae.</strong></span> 
     </span>
    </p>
   </div>
   <div class='ocr_carea' id='block_1_7' title="bbox 417 1821 1687 2094">
    <p class='ocr_par' dir='ltr' id='par_1_7' title="bbox 417 1821 1687 2094">
     <span class='ocr_line' id='line_1_11' title="bbox 424 1821 1687 1897; baseline 0.002 -18"><span class='ocrx_word' id='word_1_62' title='bbox 424 1821 587 1895; x_wconf 78' lang='lat' dir='ltr'><strong>Capitulum</strong></span> <span class='ocrx_word' id='word_1_63' title='bbox 617 1823 757 1880; x_wconf 77' lang='lat' dir='ltr'><strong>c&#39;asmense</strong></span> <span class='ocrx_word' id='word_1_64' title='bbox 788 1824 882 1897; x_wconf 77' lang='lat' dir='ltr'><strong>refert</strong></span> <span class='ocrx_word' id='word_1_65' title='bbox 912 1822 1059 1879; x_wconf 82' lang='lat' dir='ltr'><strong>Vladislao</strong></span> <span class='ocrx_word' id='word_1_66' title='bbox 1089 1823 1154 1895; x_wconf 82' lang='lat' dir='ltr'><strong>regi</strong></span> <span class='ocrx_word' id='word_1_67' title='bbox 1182 1822 1287 1880; x_wconf 85' lang='lat' dir='ltr'><strong>nobiles</strong></span> <span class='ocrx_word' id='word_1_68' title='bbox 1318 1822 1435 1881; x_wconf 70' lang='lat' dir='ltr'><strong>Modra·</strong></span> <span class='ocrx_word' id='word_1_69' title='bbox 1461 1842 1616 1894; x_wconf 83' lang='lat' dir='ltr'><strong>recusasse,</strong></span> <span class='ocrx_word' id='word_1_70' title='bbox 1651 1844 1687 1882; x_wconf 83' lang='lat' dir='ltr'><strong>ne</strong></span> 
     </span>
     <span class='ocr_line' id='line_1_12' title="bbox 417 1928 1687 2003; baseline 0.003 -19"><span class='ocrx_word' id='word_1_71' title='bbox 417 1929 554 1986; x_wconf 83' lang='lat' dir='ltr'><strong>ulturista</strong></span> <span class='ocrx_word' id='word_1_72' title='bbox 573 1947 645 1986; x_wconf 82' lang='lat' dir='ltr'><strong>orae</strong></span> <span class='ocrx_word' id='word_1_73' title='bbox 664 1947 699 1988; x_wconf 86' lang='lat' dir='ltr'><strong>ss.</strong></span> <span class='ocrx_word' id='word_1_74' title='bbox 721 1929 876 1987; x_wconf 74' lang='lat' dir='ltr'><strong>Trinitatis</strong></span> <span class='ocrx_word' id='word_1_75' title='bbox 896 1929 926 1984; x_wconf 85' lang='lat' dir='ltr'><strong>in</strong></span> <span class='ocrx_word' id='word_1_76' title='bbox 940 1928 1145 2000; x_wconf 82' lang='lat' dir='ltr'><strong>possessionem</strong></span> <span class='ocrx_word' id='word_1_77' title='bbox 1162 1928 1299 1986; x_wconf 80' lang='lat' dir='ltr'><strong>bonorum</strong></span> <span class='ocrx_word' id='word_1_78' title='bbox 1318 1929 1435 2003; x_wconf 83' lang='lat' dir='ltr'><strong>Mlaka,</strong></span> <span class='ocrx_word' id='word_1_79' title='bbox 1455 1929 1539 1988; x_wconf 86' lang='lat' dir='ltr'><strong>Plese</strong></span> <span class='ocrx_word' id='word_1_80' title='bbox 1560 1938 1590 1988; x_wconf 80' lang='lat' dir='ltr'><strong>et</strong></span> <span class='ocrx_word' id='word_1_81' title='bbox 1607 1931 1687 1988; x_wconf 72' lang='lat' dir='ltr'><strong>Kale</strong></span> 
     </span>
     <span class='ocr_line' id='line_1_13' title="bbox 985 2036 1125 2094; baseline 0.021 -3"><span class='ocrx_word' id='word_1_82' title='bbox 985 2036 1125 2094; x_wconf 80' lang='lat' dir='ltr'><strong>mittatur.</strong></span> 
     </span>
    </p>
   </div>
   <div class='ocr_carea' id='block_1_8' title="bbox 419 2173 1689 4800">
    <p class='ocr_par' dir='ltr' id='par_1_8' title="bbox 419 2173 1689 4800">
     <span class='ocr_line' id='line_1_14' title="bbox 525 2173 1685 2257; baseline 0 -21"><span class='ocrx_word' id='word_1_83' title='bbox 525 2174 735 2236; x_wconf 87' lang='lat' dir='ltr'><strong>Serenissimo</strong></span> <span class='ocrx_word' id='word_1_84' title='bbox 759 2174 894 2257; x_wconf 87' lang='lat' dir='ltr'><strong>principi</strong></span> <span class='ocrx_word' id='word_1_85' title='bbox 919 2187 950 2236; x_wconf 89' lang='lat' dir='ltr'><strong>et</strong></span> <span class='ocrx_word' id='word_1_86' title='bbox 973 2174 1117 2253; x_wconf 86' lang='lat' dir='ltr'><strong>dominu,</strong></span> <span class='ocrx_word' id='word_1_87' title='bbox 1142 2174 1277 2237; x_wconf 88' lang='lat' dir='ltr'><strong>domino</strong></span> <span class='ocrx_word' id='word_1_88' title='bbox 1300 2173 1482 2252; x_wconf 82' lang='lat' dir='ltr'><strong>Wladislao</strong></span> <span class='ocrx_word' id='word_1_89' title='bbox 1505 2174 1558 2236; x_wconf 89' lang='lat' dir='ltr'><strong>dei</strong></span> <span class='ocrx_word' id='word_1_90' title='bbox 1579 2175 1685 2257; x_wconf 90' lang='lat' dir='ltr'><strong>gracia</strong></span> 
     </span>
     <span class='ocr_line' id='line_1_15' title="bbox 420 2279 1686 2363; baseline 0.002 -23"><span class='ocrx_word' id='word_1_91' title='bbox 420 2280 486 2361; x_wconf 89' lang='lat' dir='ltr'><strong>regi</strong></span> <span class='ocrx_word' id='word_1_92' title='bbox 517 2279 681 2360; x_wconf 89' lang='lat' dir='ltr'><strong>Hungarie</strong></span> <span class='ocrx_word' id='word_1_93' title='bbox 706 2295 737 2342; x_wconf 88' lang='lat' dir='ltr'><strong>et</strong></span> <span class='ocrx_word' id='word_1_94' title='bbox 760 2280 914 2342; x_wconf 90' lang='lat' dir='ltr'><strong>Bohemie</strong></span> <span class='ocrx_word' id='word_1_95' title='bbox 938 2293 996 2342; x_wconf 91' lang='lat' dir='ltr'><strong>etc.</strong></span> <span class='ocrx_word' id='word_1_96' title='bbox 1025 2281 1159 2342; x_wconf 91' lang='lat' dir='ltr'><strong>domino</strong></span> <span class='ocrx_word' id='word_1_97' title='bbox 1183 2281 1326 2363; x_wconf 91' lang='lat' dir='ltr'><strong>ipsorum</strong></span> <span class='ocrx_word' id='word_1_98' title='bbox 1347 2281 1496 2360; x_wconf 89' lang='lat' dir='ltr'><strong>naturali,</strong></span> <span class='ocrx_word' id='word_1_99' title='bbox 1519 2282 1686 2362; x_wconf 79' lang='lat' dir='ltr'><strong>gratiosis-</strong></span> 
     </span>
     <span class='ocr_line' id='line_1_16' title="bbox 419 2385 1684 2468; baseline 0 -22"><span class='ocrx_word' id='word_1_100' title='bbox 419 2385 512 2463; x_wconf 83' lang='lat' dir='ltr'><strong>sime,</strong></span> <span class='ocrx_word' id='word_1_101' title='bbox 537 2385 713 2466; x_wconf 86' lang='lat' dir='ltr'><strong>capitulum</strong></span> <span class='ocrx_word' id='word_1_102' title='bbox 744 2387 877 2448; x_wconf 87' lang='lat' dir='ltr'><strong>ecclesie</strong></span> <span class='ocrx_word' id='word_1_103' title='bbox 908 2386 1102 2448; x_wconf 89' lang='lat' dir='ltr'><strong>chasmensis</strong></span> <span class='ocrx_word' id='word_1_104' title='bbox 1126 2385 1313 2448; x_wconf 87' lang='lat' dir='ltr'><strong>fidelitatem</strong></span> <span class='ocrx_word' id='word_1_105' title='bbox 1337 2399 1537 2468; x_wconf 89' lang='lat' dir='ltr'><strong>perpetuam,</strong></span> <span class='ocrx_word' id='word_1_106' title='bbox 1561 2387 1684 2448; x_wconf 92' lang='lat' dir='ltr'><strong>oracio-</strong></span> 
     </span>
     <span class='ocr_line' id='line_1_17' title="bbox 420 2490 1685 2572; baseline 0.002 -20"><span class='ocrx_word' id='word_1_107' title='bbox 420 2510 562 2571; x_wconf 89' lang='lat' dir='ltr'><strong>numque</strong></span> <span class='ocrx_word' id='word_1_108' title='bbox 586 2490 736 2572; x_wconf 85' lang='lat' dir='ltr'><strong>suffragia</strong></span> <span class='ocrx_word' id='word_1_109' title='bbox 754 2490 953 2554; x_wconf 86' lang='lat' dir='ltr'><strong>devotarum.</strong></span> <span class='ocrx_word' id='word_1_110' title='bbox 970 2492 1081 2553; x_wconf 87' lang='lat' dir='ltr'><strong>Vestra</strong></span> <span class='ocrx_word' id='word_1_111' title='bbox 1098 2492 1224 2553; x_wconf 87' lang='lat' dir='ltr'><strong>noverit</strong></span> <span class='ocrx_word' id='word_1_112' title='bbox 1241 2491 1400 2554; x_wconf 87' lang='lat' dir='ltr'><strong>Serenitas</strong></span> <span class='ocrx_word' id='word_1_113' title='bbox 1417 2492 1525 2554; x_wconf 85' lang='lat' dir='ltr'><strong>literas</strong></span> <span class='ocrx_word' id='word_1_114' title='bbox 1541 2493 1685 2554; x_wconf 88' lang='lat' dir='ltr'><strong>eiusdem</strong></span> 
     </span>
     <span class='ocr_line' id='line_1_18' title="bbox 421 2596 1686 2680; baseline 0.002 -22"><span class='ocrx_word' id='word_1_115' title='bbox 421 2596 667 2658; x_wconf 78' lang='lat' dir='ltr'><strong>introductorius</strong></span> <span class='ocrx_word' id='word_1_116' title='bbox 698 2612 729 2658; x_wconf 93' lang='lat' dir='ltr'><strong>et</strong></span> <span class='ocrx_word' id='word_1_117' title='bbox 759 2598 940 2660; x_wconf 90' lang='lat' dir='ltr'><strong>statutorias</strong></span> <span class='ocrx_word' id='word_1_118' title='bbox 964 2599 1057 2659; x_wconf 91' lang='lat' dir='ltr'><strong>nobis</strong></span> <span class='ocrx_word' id='word_1_119' title='bbox 1082 2599 1280 2680; x_wconf 87' lang='lat' dir='ltr'><strong>preceptorie</strong></span> <span class='ocrx_word' id='word_1_120' title='bbox 1302 2599 1472 2680; x_wconf 90' lang='lat' dir='ltr'><strong>loquentes</strong></span> <span class='ocrx_word' id='word_1_121' title='bbox 1496 2611 1527 2660; x_wconf 90' lang='lat' dir='ltr'><strong>et</strong></span> <span class='ocrx_word' id='word_1_122' title='bbox 1552 2599 1686 2660; x_wconf 90' lang='lat' dir='ltr'><strong>directas</strong></span> 
     </span>
     <span class='ocr_line' id='line_1_19' title="bbox 419 2703 1683 2788; baseline 0.002 -25"><span class='ocrx_word' id='word_1_123' title='bbox 419 2723 545 2764; x_wconf 88' lang='lat' dir='ltr'><strong>summa</strong></span> <span class='ocrx_word' id='word_1_124' title='bbox 569 2723 642 2765; x_wconf 93' lang='lat' dir='ltr'><strong>cum</strong></span> <span class='ocrx_word' id='word_1_125' title='bbox 666 2703 846 2766; x_wconf 86' lang='lat' dir='ltr'><strong>reverencia</strong></span> <span class='ocrx_word' id='word_1_126' title='bbox 871 2703 1026 2785; x_wconf 90' lang='lat' dir='ltr'><strong>recepisse</strong></span> <span class='ocrx_word' id='word_1_127' title='bbox 1051 2704 1082 2764; x_wconf 93' lang='lat' dir='ltr'><strong>in</strong></span> <span class='ocrx_word' id='word_1_128' title='bbox 1107 2703 1165 2766; x_wconf 88' lang='lat' dir='ltr'><strong>hec</strong></span> <span class='ocrx_word' id='word_1_129' title='bbox 1188 2705 1298 2766; x_wconf 89' lang='lat' dir='ltr'><strong>verba:</strong></span> <span class='ocrx_word' id='word_1_130' title='bbox 1323 2703 1399 2786; x_wconf 92' lang='lat' dir='ltr'><strong>(vid.</strong></span> <span class='ocrx_word' id='word_1_131' title='bbox 1424 2703 1586 2788; x_wconf 85' lang='lat' dir='ltr'><strong>Doc.117.</strong></span> <span class='ocrx_word' id='word_1_132' title='bbox 1612 2724 1683 2766; x_wconf 86' lang='lat' dir='ltr'><strong>ann.</strong></span> 
     </span>
     <span class='ocr_line' id='line_1_20' title="bbox 426 2808 1685 2892; baseline 0 -22"><span class='ocrx_word' id='word_1_133' title='bbox 426 2808 539 2890; x_wconf 82' lang='lat'><strong>¹5¹5·)·</strong></span> <span class='ocrx_word' id='word_1_134' title='bbox 564 2810 631 2870; x_wconf 93' lang='lat' dir='ltr'><strong>Nos</strong></span> <span class='ocrx_word' id='word_1_135' title='bbox 662 2809 769 2890; x_wconf 89' lang='lat' dir='ltr'><strong>itaque</strong></span> <span class='ocrx_word' id='word_1_136' title='bbox 801 2809 959 2870; x_wconf 89' lang='lat' dir='ltr'><strong>mandatis</strong></span> <span class='ocrx_word' id='word_1_137' title='bbox 991 2810 1134 2870; x_wconf 89' lang='lat' dir='ltr'><strong>eiusdem</strong></span> <span class='ocrx_word' id='word_1_138' title='bbox 1162 2810 1347 2872; x_wconf 88' lang='lat' dir='ltr'><strong>Serenitatis</strong></span> <span class='ocrx_word' id='word_1_139' title='bbox 1368 2811 1479 2872; x_wconf 89' lang='lat' dir='ltr'><strong>Vestre</strong></span> <span class='ocrx_word' id='word_1_140' title='bbox 1503 2829 1633 2892; x_wconf 89' lang='lat' dir='ltr'><strong>semper</strong></span> <span class='ocrx_word' id='word_1_141' title='bbox 1655 2823 1685 2871; x_wconf 90' lang='lat' dir='ltr'><strong>et</strong></span> 
     </span>
     <span class='ocr_line' id='line_1_21' title="bbox 421 2915 1685 2996; baseline 0.002 -22"><span class='ocrx_word' id='word_1_142' title='bbox 421 2915 452 2976; x_wconf 95' lang='lat' dir='ltr'><strong>in</strong></span> <span class='ocrx_word' id='word_1_143' title='bbox 477 2915 628 2976; x_wconf 91' lang='lat' dir='ltr'><strong>omnibus</strong></span> <span class='ocrx_word' id='word_1_144' title='bbox 652 2915 783 2976; x_wconf 89' lang='lat' dir='ltr'><strong>obedire</strong></span> <span class='ocrx_word' id='word_1_145' title='bbox 808 2915 982 2996; x_wconf 90' lang='lat' dir='ltr'><strong>cupientes,</strong></span> <span class='ocrx_word' id='word_1_146' title='bbox 1007 2928 1041 2977; x_wconf 93' lang='lat' dir='ltr'><strong>ut</strong></span> <span class='ocrx_word' id='word_1_147' title='bbox 1064 2929 1220 2994; x_wconf 88' lang='lat' dir='ltr'><strong>tenemur,</strong></span> <span class='ocrx_word' id='word_1_148' title='bbox 1242 2935 1380 2978; x_wconf 90' lang='lat' dir='ltr'><strong>unacum</strong></span> <span class='ocrx_word' id='word_1_149' title='bbox 1401 2915 1504 2977; x_wconf 93' lang='lat' dir='ltr'><strong>nobili</strong></span> <span class='ocrx_word' id='word_1_150' title='bbox 1528 2916 1685 2978; x_wconf 88' lang='lat' dir='ltr'><strong>Michaele</strong></span> 
     </span>
     <span class='ocr_line' id='line_1_22' title="bbox 421 3019 1686 3104; baseline 0.001 -22"><span class='ocrx_word' id='word_1_151' title='bbox 421 3019 694 3102; x_wconf 81' lang='lat' dir='ltr'><strong>Gywrgeltowyth</strong></span> <span class='ocrx_word' id='word_1_152' title='bbox 719 3020 758 3082; x_wconf 91' lang='lat' dir='ltr'><strong>de</strong></span> <span class='ocrx_word' id='word_1_153' title='bbox 783 3021 943 3081; x_wconf 87' lang='lat' dir='ltr'><strong>Marowcz</strong></span> <span class='ocrx_word' id='word_1_154' title='bbox 967 3020 1099 3084; x_wconf 91' lang='lat' dir='ltr'><strong>homine</strong></span> <span class='ocrx_word' id='word_1_155' title='bbox 1123 3022 1267 3084; x_wconf 90' lang='lat' dir='ltr'><strong>eiusdem</strong></span> <span class='ocrx_word' id='word_1_156' title='bbox 1286 3021 1470 3084; x_wconf 86' lang='lat' dir='ltr'><strong>Serenitatis</strong></span> <span class='ocrx_word' id='word_1_157' title='bbox 1487 3022 1602 3083; x_wconf 89' lang='grc' dir='ltr'><strong>νοεῖτε</strong></span> <span class='ocrx_word' id='word_1_158' title='bbox 1619 3042 1686 3104; x_wconf 86' lang='grc' dir='ltr'><strong>ρτε-</strong></span> 
     </span>
     <span class='ocr_line' id='line_1_23' title="bbox 421 3125 1687 3206; baseline 0.002 -20"><span class='ocrx_word' id='word_1_159' title='bbox 421 3126 517 3204; x_wconf 89' lang='lat' dir='ltr'><strong>dicto,</strong></span> <span class='ocrx_word' id='word_1_160' title='bbox 549 3139 692 3187; x_wconf 90' lang='lat' dir='ltr'><strong>nostrum</strong></span> <span class='ocrx_word' id='word_1_161' title='bbox 729 3125 904 3203; x_wconf 91' lang='lat' dir='ltr'><strong>hominem,</strong></span> <span class='ocrx_word' id='word_1_162' title='bbox 938 3146 1039 3187; x_wconf 93' lang='lat' dir='ltr'><strong>unum</strong></span> <span class='ocrx_word' id='word_1_163' title='bbox 1071 3148 1107 3189; x_wconf 85' lang='lat' dir='ltr'><strong>ex</strong></span> <span class='ocrx_word' id='word_1_164' title='bbox 1144 3128 1248 3206; x_wconf 90' lang='lat' dir='ltr'><strong>nobis,</strong></span> <span class='ocrx_word' id='word_1_165' title='bbox 1281 3126 1504 3190; x_wconf 90' lang='lat' dir='ltr'><strong>honorabilem</strong></span> <span class='ocrx_word' id='word_1_166' title='bbox 1538 3129 1687 3190; x_wconf 84' lang='lat' dir='ltr'><strong>videlicet</strong></span> 
     </span>
     <span class='ocr_line' id='line_1_24' title="bbox 421 3230 1686 3317; baseline 0.004 -26"><span class='ocrx_word' id='word_1_167' title='bbox 421 3230 590 3291; x_wconf 89' lang='lat' dir='ltr'><strong>dominum</strong></span> <span class='ocrx_word' id='word_1_168' title='bbox 617 3230 791 3292; x_wconf 88' lang='lat' dir='ltr'><strong>Martinum</strong></span> <span class='ocrx_word' id='word_1_169' title='bbox 812 3231 936 3292; x_wconf 91' lang='lat' dir='ltr'><strong>socium</strong></span> <span class='ocrx_word' id='word_1_170' title='bbox 958 3245 989 3293; x_wconf 91' lang='lat' dir='ltr'><strong>et</strong></span> <span class='ocrx_word' id='word_1_171' title='bbox 1006 3234 1259 3294; x_wconf 89' lang='lat' dir='ltr'><strong>concanonicum</strong></span> <span class='ocrx_word' id='word_1_172' title='bbox 1277 3246 1422 3295; x_wconf 88' lang='lat' dir='ltr'><strong>nostrum</strong></span> <span class='ocrx_word' id='word_1_173' title='bbox 1439 3233 1478 3294; x_wconf 89' lang='lat' dir='ltr'><strong>ad</strong></span> <span class='ocrx_word' id='word_1_174' title='bbox 1497 3235 1686 3317; x_wconf 85' lang='lat' dir='ltr'><strong>premissam</strong></span> 
     </span>
     <span class='ocr_line' id='line_1_25' title="bbox 421 3335 1685 3422; baseline 0.004 -27"><span class='ocrx_word' id='word_1_175' title='bbox 421 3336 647 3397; x_wconf 86' lang='lat' dir='ltr'><strong>execucionem</strong></span> <span class='ocrx_word' id='word_1_176' title='bbox 682 3350 712 3397; x_wconf 92' lang='lat' dir='ltr'><strong>et</strong></span> <span class='ocrx_word' id='word_1_177' title='bbox 743 3335 879 3398; x_wconf 90' lang='lat' dir='ltr'><strong>fideliter</strong></span> <span class='ocrx_word' id='word_1_178' title='bbox 911 3339 1127 3418; x_wconf 83' lang='lat' dir='ltr'><strong>peragendam</strong></span> <span class='ocrx_word' id='word_1_179' title='bbox 1160 3353 1270 3401; x_wconf 90' lang='lat' dir='ltr'><strong>nostro</strong></span> <span class='ocrx_word' id='word_1_180' title='bbox 1293 3359 1352 3422; x_wconf 92' lang='lat' dir='ltr'><strong>pro</strong></span> <span class='ocrx_word' id='word_1_181' title='bbox 1376 3341 1563 3402; x_wconf 87' lang='lat' dir='ltr'><strong>testimonio</strong></span> <span class='ocrx_word' id='word_1_182' title='bbox 1588 3355 1685 3402; x_wconf 88' lang='lat' dir='ltr'><strong>trans-</strong></span> 
     </span>
     <span class='ocr_line' id='line_1_26' title="bbox 421 3441 1686 3530; baseline 0.004 -29"><span class='ocrx_word' id='word_1_183' title='bbox 421 3442 618 3502; x_wconf 86' lang='lat' dir='ltr'><strong>misissemus</strong></span> <span class='ocrx_word' id='word_1_184' title='bbox 649 3441 860 3530; x_wconf 85' lang='lat' dir='ltr'><strong>fidedignum.</strong></span> <span class='ocrx_word' id='word_1_185' title='bbox 886 3443 951 3516; x_wconf 93' lang='lat' dir='ltr'><strong>Qui</strong></span> <span class='ocrx_word' id='word_1_186' title='bbox 982 3445 1111 3506; x_wconf 91' lang='lat' dir='ltr'><strong>tandem</strong></span> <span class='ocrx_word' id='word_1_187' title='bbox 1144 3445 1259 3506; x_wconf 86' lang='lat' dir='ltr'><strong>exinde</strong></span> <span class='ocrx_word' id='word_1_188' title='bbox 1291 3445 1332 3506; x_wconf 90' lang='lat' dir='ltr'><strong>ad</strong></span> <span class='ocrx_word' id='word_1_189' title='bbox 1363 3466 1422 3507; x_wconf 91' lang='lat' dir='ltr'><strong>nos</strong></span> <span class='ocrx_word' id='word_1_190' title='bbox 1452 3448 1571 3509; x_wconf 90' lang='lat' dir='ltr'><strong>reversi</strong></span> <span class='ocrx_word' id='word_1_191' title='bbox 1597 3447 1686 3508; x_wconf 92' lang='lat' dir='ltr'><strong>nobis</strong></span> 
     </span>
     <span class='ocr_line' id='line_1_27' title="bbox 421 3549 1686 3633; baseline 0.005 -25"><span class='ocrx_word' id='word_1_192' title='bbox 421 3567 561 3609; x_wconf 89' lang='lat' dir='ltr'><strong>consona</strong></span> <span class='ocrx_word' id='word_1_193' title='bbox 587 3569 664 3610; x_wconf 83' lang='lat' dir='ltr'><strong>voce</strong></span> <span class='ocrx_word' id='word_1_194' title='bbox 688 3550 865 3611; x_wconf 90' lang='lat' dir='ltr'><strong>retulerunt</strong></span> <span class='ocrx_word' id='word_1_195' title='bbox 888 3569 927 3611; x_wconf 90' lang='lat' dir='ltr'><strong>eo</strong></span> <span class='ocrx_word' id='word_1_196' title='bbox 952 3551 1062 3630; x_wconf 85' lang='lat' dir='ltr'><strong>modu,</strong></span> <span class='ocrx_word' id='word_1_197' title='bbox 1086 3551 1253 3632; x_wconf 92' lang='lat' dir='ltr'><strong>quomodo</strong></span> <span class='ocrx_word' id='word_1_198' title='bbox 1276 3549 1417 3633; x_wconf 87' lang='lat' dir='ltr'><strong>prefatus</strong></span> <span class='ocrx_word' id='word_1_199' title='bbox 1441 3551 1540 3613; x_wconf 91' lang='lat' dir='ltr'><strong>homo</strong></span> <span class='ocrx_word' id='word_1_200' title='bbox 1563 3553 1686 3614; x_wconf 85' lang='lat' dir='ltr'><strong>Sereni-</strong></span> 
     </span>
     <span class='ocr_line' id='line_1_28' title="bbox 421 3654 1685 3740; baseline 0.005 -26"><span class='ocrx_word' id='word_1_201' title='bbox 421 3654 493 3714; x_wconf 88' lang='lat' dir='ltr'><strong>tatis</strong></span> <span class='ocrx_word' id='word_1_202' title='bbox 517 3655 627 3716; x_wconf 89' lang='grc' dir='ltr'><strong>νοεῖτε</strong></span> <span class='ocrx_word' id='word_1_203' title='bbox 652 3655 721 3736; x_wconf 89' lang='lat' dir='ltr'><strong>ipso</strong></span> <span class='ocrx_word' id='word_1_204' title='bbox 745 3669 854 3718; x_wconf 91' lang='lat' dir='ltr'><strong>nostro</strong></span> <span class='ocrx_word' id='word_1_205' title='bbox 878 3656 1063 3719; x_wconf 91' lang='lat' dir='ltr'><strong>testimonio</strong></span> <span class='ocrx_word' id='word_1_206' title='bbox 1091 3670 1236 3740; x_wconf 88' lang='lat' dir='ltr'><strong>presente</strong></span> <span class='ocrx_word' id='word_1_207' title='bbox 1260 3655 1339 3719; x_wconf 87' lang='lat' dir='ltr'><strong>feria</strong></span> <span class='ocrx_word' id='word_1_208' title='bbox 1363 3671 1449 3719; x_wconf 86' lang='lat' dir='ltr'><strong>sexta</strong></span> <span class='ocrx_word' id='word_1_209' title='bbox 1472 3671 1547 3720; x_wconf 91' lang='lat' dir='ltr'><strong>ante</strong></span> <span class='ocrx_word' id='word_1_210' title='bbox 1572 3658 1685 3720; x_wconf 86' lang='lat' dir='ltr'><strong>festum</strong></span> 
     </span>
     <span class='ocr_line' id='line_1_29' title="bbox 422 3759 1686 3846; baseline 0.002 -25"><span class='ocrx_word' id='word_1_211' title='bbox 422 3762 589 3822; x_wconf 84' lang='lat' dir='ltr'><strong>beatorum</strong></span> <span class='ocrx_word' id='word_1_212' title='bbox 621 3760 762 3822; x_wconf 91' lang='lat' dir='ltr'><strong>Simonis</strong></span> <span class='ocrx_word' id='word_1_213' title='bbox 791 3777 821 3824; x_wconf 88' lang='lat' dir='ltr'><strong>et</strong></span> <span class='ocrx_word' id='word_1_214' title='bbox 853 3761 935 3823; x_wconf 85' lang='lat' dir='ltr'><strong>lude</strong></span> <span class='ocrx_word' id='word_1_215' title='bbox 966 3759 1213 3845; x_wconf 61' lang='lat' dir='ltr'><strong>apostolorum)</strong></span> <span class='ocrx_word' id='word_1_216' title='bbox 1249 3763 1392 3845; x_wconf 84' lang='lat' dir='ltr'><strong>proxime</strong></span> <span class='ocrx_word' id='word_1_217' title='bbox 1428 3764 1617 3846; x_wconf 90' lang='lat' dir='ltr'><strong>preteritum</strong></span> <span class='ocrx_word' id='word_1_218' title='bbox 1647 3763 1686 3824; x_wconf 90' lang='lat' dir='ltr'><strong>ad</strong></span> 
     </span>
     <span class='ocr_line' id='line_1_30' title="bbox 422 3864 1687 3948; baseline 0.004 -23"><span class='ocrx_word' id='word_1_219' title='bbox 422 3864 517 3929; x_wconf 86' lang='lat' dir='ltr'><strong>facies</strong></span> <span class='ocrx_word' id='word_1_220' title='bbox 540 3867 784 3948; x_wconf 77' lang='lat' dir='ltr'><strong>prescriptorum</strong></span> <span class='ocrx_word' id='word_1_221' title='bbox 809 3869 1046 3948; x_wconf 89' lang='lat' dir='ltr'><strong>possessionum</strong></span> <span class='ocrx_word' id='word_1_222' title='bbox 1070 3869 1200 3930; x_wconf 89' lang='lat' dir='ltr'><strong>maioris</strong></span> <span class='ocrx_word' id='word_1_223' title='bbox 1224 3869 1341 3948; x_wconf 88' lang='lat' dir='ltr'><strong>Mlaka,</strong></span> <span class='ocrx_word' id='word_1_224' title='bbox 1364 3888 1422 3930; x_wconf 90' lang='lat' dir='ltr'><strong>nec</strong></span> <span class='ocrx_word' id='word_1_225' title='bbox 1447 3889 1511 3930; x_wconf 89' lang='lat' dir='ltr'><strong>non</strong></span> <span class='ocrx_word' id='word_1_226' title='bbox 1536 3870 1634 3932; x_wconf 87' lang='lat' dir='ltr'><strong>Plezo</strong></span> <span class='ocrx_word' id='word_1_227' title='bbox 1657 3883 1687 3930; x_wconf 88' lang='lat' dir='ltr'><strong>et</strong></span> 
     </span>
     <span class='ocr_line' id='line_1_31' title="bbox 424 3971 1687 4058; baseline 0.003 -26"><span class='ocrx_word' id='word_1_228' title='bbox 424 3971 530 4034; x_wconf 89' lang='lat' dir='ltr'><strong>Kooth</strong></span> <span class='ocrx_word' id='word_1_229' title='bbox 557 3973 589 4034; x_wconf 94' lang='lat' dir='ltr'><strong>in</strong></span> <span class='ocrx_word' id='word_1_230' title='bbox 609 3974 816 4054; x_wconf 87' lang='lat' dir='ltr'><strong>Rakytowcz,</strong></span> <span class='ocrx_word' id='word_1_231' title='bbox 834 3989 1130 4057; x_wconf 86' lang='lat' dir='ltr'><strong>consequenterque</strong></span> <span class='ocrx_word' id='word_1_232' title='bbox 1152 3975 1383 4037; x_wconf 88' lang='lat' dir='ltr'><strong>antedictarum</strong></span> <span class='ocrx_word' id='word_1_233' title='bbox 1404 3976 1597 4057; x_wconf 91' lang='lat' dir='ltr'><strong>porcionum</strong></span> <span class='ocrx_word' id='word_1_234' title='bbox 1617 3995 1687 4058; x_wconf 89' lang='lat' dir='ltr'><strong>pos-</strong></span> 
     </span>
     <span class='ocr_line' id='line_1_32' title="bbox 422 4077 1687 4162; baseline 0.005 -24"><span class='ocrx_word' id='word_1_235' title='bbox 422 4079 682 4140; x_wconf 90' lang='lat' dir='ltr'><strong>sessionariarum</strong></span> <span class='ocrx_word' id='word_1_236' title='bbox 715 4077 828 4160; x_wconf 84' lang='lat' dir='ltr'><strong>prefati</strong></span> <span class='ocrx_word' id='word_1_237' title='bbox 860 4079 1025 4141; x_wconf 86' lang='lat' dir='ltr'><strong>Michaelis</strong></span> <span class='ocrx_word' id='word_1_238' title='bbox 1056 4080 1258 4162; x_wconf 90' lang='lat' dir='ltr'><strong>prebendarii</strong></span> <span class='ocrx_word' id='word_1_239' title='bbox 1290 4081 1322 4142; x_wconf 94' lang='lat' dir='ltr'><strong>in</strong></span> <span class='ocrx_word' id='word_1_240' title='bbox 1347 4081 1467 4143; x_wconf 90' lang='lat' dir='ltr'><strong>eisdem</strong></span> <span class='ocrx_word' id='word_1_241' title='bbox 1492 4083 1687 4160; x_wconf 87' lang='lat' dir='ltr'><strong>habitarum,</strong></span> 
     </span>
     <span class='ocr_line' id='line_1_33' title="bbox 422 4185 1688 4268; baseline 0.002 -24"><span class='ocrx_word' id='word_1_242' title='bbox 422 4185 534 4246; x_wconf 85' lang='lat' dir='ltr'><strong>vicinis</strong></span> <span class='ocrx_word' id='word_1_243' title='bbox 557 4199 587 4245; x_wconf 89' lang='lat' dir='ltr'><strong>et</strong></span> <span class='ocrx_word' id='word_1_244' title='bbox 610 4185 838 4246; x_wconf 85' lang='lat' dir='ltr'><strong>commetaneis</strong></span> <span class='ocrx_word' id='word_1_245' title='bbox 861 4185 1035 4247; x_wconf 89' lang='lat' dir='ltr'><strong>earundem</strong></span> <span class='ocrx_word' id='word_1_246' title='bbox 1058 4187 1213 4246; x_wconf 85' lang='lat' dir='ltr'><strong>universis</strong></span> <span class='ocrx_word' id='word_1_247' title='bbox 1233 4187 1312 4248; x_wconf 92' lang='lat' dir='ltr'><strong>inibi</strong></span> <span class='ocrx_word' id='word_1_248' title='bbox 1330 4187 1486 4268; x_wconf 85' lang='lat' dir='ltr'><strong>legittime</strong></span> <span class='ocrx_word' id='word_1_249' title='bbox 1503 4189 1688 4250; x_wconf 86' lang='lat' dir='ltr'><strong>convocatis</strong></span> 
     </span>
     <span class='ocr_line' id='line_1_34' title="bbox 423 4283 1686 4378; baseline 0.002 -26"><span class='ocrx_word' id='word_1_250' title='bbox 423 4305 454 4352; x_wconf 89' lang='lat' dir='ltr'><strong>et</strong></span> <span class='ocrx_word' id='word_1_251' title='bbox 485 4292 684 4373; x_wconf 89' lang='lat' dir='ltr'><strong>presentibus</strong></span> <span class='ocrx_word' id='word_1_252' title='bbox 715 4291 912 4370; x_wconf 88' lang='lat' dir='ltr'><strong>accedentes,</strong></span> <span class='ocrx_word' id='word_1_253' title='bbox 942 4311 1014 4353; x_wconf 92' lang='lat' dir='ltr'><strong>cum</strong></span> <span class='ocrx_word' id='word_1_254' title='bbox 1048 4306 1259 4354; x_wconf 88' lang='lat' dir='ltr'><strong>memoratum</strong></span> <span class='ocrx_word' id='word_1_255' title='bbox 1292 4283 1480 4374; x_wconf 87' lang='lat' dir='ltr'><strong>magistrum</strong></span> <span class='ocrx_word' id='word_1_256' title='bbox 1509 4293 1686 4378; x_wconf 87' lang='lat' dir='ltr'><strong>Georgium</strong></span> 
     </span>
     <span class='ocr_line' id='line_1_35' title="bbox 424 4396 1688 4480; baseline 0.003 -24"><span class='ocrx_word' id='word_1_257' title='bbox 424 4396 624 4460; x_wconf 90' lang='lat' dir='ltr'><strong>introducere</strong></span> <span class='ocrx_word' id='word_1_258' title='bbox 649 4399 681 4460; x_wconf 91' lang='lat' dir='ltr'><strong>in</strong></span> <span class='ocrx_word' id='word_1_259' title='bbox 706 4396 887 4459; x_wconf 92' lang='lat' dir='ltr'><strong>dominium</strong></span> <span class='ocrx_word' id='word_1_260' title='bbox 912 4399 1098 4461; x_wconf 91' lang='lat' dir='ltr'><strong>earumdem</strong></span> <span class='ocrx_word' id='word_1_261' title='bbox 1122 4413 1153 4462; x_wconf 92' lang='lat' dir='ltr'><strong>et</strong></span> <span class='ocrx_word' id='word_1_262' title='bbox 1177 4399 1252 4460; x_wconf 91' lang='lat' dir='ltr'><strong>dicti</strong></span> <span class='ocrx_word' id='word_1_263' title='bbox 1275 4398 1351 4480; x_wconf 83' lang='lat' dir='ltr'><strong>juris</strong></span> <span class='ocrx_word' id='word_1_264' title='bbox 1372 4401 1558 4462; x_wconf 88' lang='lat' dir='ltr'><strong>Serenitatis</strong></span> <span class='ocrx_word' id='word_1_265' title='bbox 1579 4402 1688 4462; x_wconf 82' lang='grc' dir='ltr'><strong>νοεῖτε</strong></span> 
     </span>
     <span class='ocr_line' id='line_1_36' title="bbox 424 4502 1688 4586; baseline 0.003 -25"><span class='ocrx_word' id='word_1_266' title='bbox 424 4502 502 4582; x_wconf 88' lang='lat' dir='ltr'><strong>regii</strong></span> <span class='ocrx_word' id='word_1_267' title='bbox 535 4503 566 4562; x_wconf 94' lang='lat' dir='ltr'><strong>in</strong></span> <span class='ocrx_word' id='word_1_268' title='bbox 595 4503 715 4564; x_wconf 89' lang='lat' dir='ltr'><strong>eisdem</strong></span> <span class='ocrx_word' id='word_1_269' title='bbox 750 4503 861 4582; x_wconf 87' lang='lat' dir='ltr'><strong>habiti,</strong></span> <span class='ocrx_word' id='word_1_270' title='bbox 884 4517 1087 4586; x_wconf 88' lang='lat' dir='ltr'><strong>statuereque</strong></span> <span class='ocrx_word' id='word_1_271' title='bbox 1115 4506 1243 4567; x_wconf 77' lang='lat' dir='ltr'><strong>easdem</strong></span> <span class='ocrx_word' id='word_1_272' title='bbox 1268 4519 1298 4568; x_wconf 92' lang='lat' dir='ltr'><strong>et</strong></span> <span class='ocrx_word' id='word_1_273' title='bbox 1330 4506 1416 4568; x_wconf 88' lang='lat' dir='ltr'><strong>idem</strong></span> <span class='ocrx_word' id='word_1_274' title='bbox 1445 4507 1568 4568; x_wconf 88' lang='lat' dir='ltr'><strong>eisdem</strong></span> <span class='ocrx_word' id='word_1_275' title='bbox 1594 4505 1688 4568; x_wconf 90' lang='lat' dir='ltr'><strong>simul</strong></span> 
     </span>
     <span class='ocr_line' id='line_1_37' title="bbox 424 4609 1687 4694; baseline 0.005 -29"><span class='ocrx_word' id='word_1_276' title='bbox 424 4626 495 4666; x_wconf 91' lang='lat' dir='ltr'><strong>cum</strong></span> <span class='ocrx_word' id='word_1_277' title='bbox 530 4609 650 4668; x_wconf 92' lang='lat' dir='ltr'><strong>cunctis</strong></span> <span class='ocrx_word' id='word_1_278' title='bbox 684 4609 858 4671; x_wconf 90' lang='lat' dir='ltr'><strong>earundem</strong></span> <span class='ocrx_word' id='word_1_279' title='bbox 888 4610 1078 4672; x_wconf 87' lang='lat' dir='ltr'><strong>utilitatibus</strong></span> <span class='ocrx_word' id='word_1_280' title='bbox 1106 4627 1136 4672; x_wconf 92' lang='lat' dir='ltr'><strong>et</strong></span> <span class='ocrx_word' id='word_1_281' title='bbox 1160 4612 1363 4694; x_wconf 85' lang='lat' dir='ltr'><strong>pertinenciis</strong></span> <span class='ocrx_word' id='word_1_282' title='bbox 1387 4613 1588 4694; x_wconf 87' lang='lat' dir='ltr'><strong>quibuslibet</strong></span> <span class='ocrx_word' id='word_1_283' title='bbox 1618 4632 1687 4694; x_wconf 87' lang='lat' dir='ltr'><strong>pre·</strong></span> 
     </span>
     <span class='ocr_line' id='line_1_38' title="bbox 423 4712 1689 4800; baseline 0.006 -29"><span class='ocrx_word' id='word_1_284' title='bbox 423 4713 516 4772; x_wconf 87' lang='lat' dir='ltr'><strong>misse</strong></span> <span class='ocrx_word' id='word_1_285' title='bbox 542 4712 730 4776; x_wconf 89' lang='lat' dir='ltr'><strong>donacionis</strong></span> <span class='ocrx_word' id='word_1_286' title='bbox 754 4716 897 4778; x_wconf 90' lang='lat' dir='ltr'><strong>eiusdem</strong></span> <span class='ocrx_word' id='word_1_287' title='bbox 923 4717 1107 4778; x_wconf 90' lang='lat' dir='ltr'><strong>Serenitatis</strong></span> <span class='ocrx_word' id='word_1_288' title='bbox 1131 4717 1240 4780; x_wconf 84' lang='grc' dir='ltr'><strong>νοεῖτε</strong></span> <span class='ocrx_word' id='word_1_289' title='bbox 1263 4719 1357 4780; x_wconf 90' lang='lat' dir='ltr'><strong>titulo</strong></span> <span class='ocrx_word' id='word_1_290' title='bbox 1382 4718 1458 4800; x_wconf 89' lang='lat' dir='ltr'><strong>ipsis</strong></span> <span class='ocrx_word' id='word_1_291' title='bbox 1482 4717 1689 4778; x_wconf 90' lang='lat' dir='ltr'><strong>incumbente</strong></span> 
     </span>
    </p>
   </div>
   <div class='ocr_carea' id='block_1_9' title="bbox 425 4892 1688 5044">
    <p class='ocr_par' dir='ltr' id='par_1_9' title="bbox 425 4892 1688 5044">
     <span class='ocr_line' id='line_1_39' title="bbox 531 4892 1688 4957; baseline 0.002 -17"><span class='ocrx_word' id='word_1_292' title='bbox 531 4893 555 4957; x_wconf 78' lang='lat'><strong>*)</strong></span> <span class='ocrx_word' id='word_1_293' title='bbox 570 4893 638 4941; x_wconf 81' lang='lat' dir='ltr'><strong>llaec</strong></span> <span class='ocrx_word' id='word_1_294' title='bbox 658 4892 714 4941; x_wconf 89' lang='lat' dir='ltr'><strong>dies</strong></span> <span class='ocrx_word' id='word_1_295' title='bbox 735 4892 887 4944; x_wconf 83' lang='lat' dir='ltr'><strong>statutionis</strong></span> <span class='ocrx_word' id='word_1_296' title='bbox 908 4907 959 4944; x_wconf 90' lang='lat' dir='ltr'><strong>non</strong></span> <span class='ocrx_word' id='word_1_297' title='bbox 980 4895 1124 4945; x_wconf 83' lang='lat' dir='ltr'><strong>concordat</strong></span> <span class='ocrx_word' id='word_1_298' title='bbox 1144 4909 1201 4945; x_wconf 89' lang='lat' dir='ltr'><strong>curn</strong></span> <span class='ocrx_word' id='word_1_299' title='bbox 1222 4895 1344 4945; x_wconf 86' lang='lat' dir='ltr'><strong>mandato</strong></span> <span class='ocrx_word' id='word_1_300' title='bbox 1364 4892 1439 4956; x_wconf 87' lang='lat' dir='ltr'><strong>regio</strong></span> <span class='ocrx_word' id='word_1_301' title='bbox 1460 4893 1542 4956; x_wconf 86' lang='lat' dir='ltr'><strong>capit.</strong></span> <span class='ocrx_word' id='word_1_302' title='bbox 1559 4892 1688 4943; x_wconf 75' lang='lat' dir='ltr'><strong>dusmensi</strong></span> 
     </span>
     <span class='ocr_line' id='line_1_40' title="bbox 425 4980 846 5044; baseline 0.007 -16"><span class='ocrx_word' id='word_1_303' title='bbox 425 4980 487 5028; x_wconf 86' lang='lat' dir='ltr'><strong>dato</strong></span> <span class='ocrx_word' id='word_1_304' title='bbox 509 4980 547 5031; x_wconf 93' lang='lat' dir='ltr'><strong>ll.</strong></span> <span class='ocrx_word' id='word_1_305' title='bbox 569 4981 724 5044; x_wconf 84' lang='lat' dir='ltr'><strong>decembris,</strong></span> <span class='ocrx_word' id='word_1_306' title='bbox 746 4995 767 5032; x_wconf 86' lang='lat' dir='ltr'><strong>e.</strong></span> <span class='ocrx_word' id='word_1_307' title='bbox 789 4997 846 5035; x_wconf 84' lang='lat' dir='ltr'><strong>ann.</strong></span> 
     </span>
    </p>
   </div>
   <div class='ocr_carea' id='block_1_10' title="bbox 0 0 1876 5796">
    <p class='ocr_par' dir='ltr' id='par_1_10' title="bbox 0 0 1876 5796">
     <span class='ocr_line' id='line_1_41' title="bbox 0 0 1876 5796; baseline 0 0"><span class='ocrx_word' id='word_1_308' title='bbox 0 0 1876 5796; x_wconf 95' lang='lat' dir='ltr'><strong> </strong></span> 
     </span>
    </p>
   </div>
  </div>
 </body>
</html>
