3732 5802
605 557 678 616 Dae.
701 569 767 616 121.
790 589 832 598 -
855 558 911 615 An.
936 553 1025 631 1516.

181 780 314 842 firmiter
330 781 540 861 observanda,
558 796 666 844 nostro
683 783 716 844 in
733 797 905 866 conspectu
918 797 1094 866 spontanea
1107 786 1249 867 ipsorum
1263 787 1448 867 obligarunt

180 889 357 966 voluntate,
381 888 495 950 harum
516 901 696 950 nostrarum
714 890 825 970 vigore
841 904 871 951 et
889 890 1074 952 testimonio
1092 891 1255 954 literarum
1274 892 1446 955 mediante.

181 995 301 1056 Datum
328 995 418 1056 Bude
443 995 477 1056 in
500 995 612 1078 vigilia
636 994 706 1057 festi
733 996 906 1058 nativitatis
930 996 1072 1061 Domini.
1096 1001 1191 1060 Anno
1215 998 1359 1060 eiusdem
1376 999 1447 1060 mil-

179 1101 296 1162 lesimo
321 1101 582 1182 quingentesimo
605 1101 732 1165 decimo
758 1103 882 1184 quinto.

551 1225 684 1287 Relacio
708 1227 900 1288 venerabilis
924 1225 1064 1309 Philippi
1089 1227 1180 1288 More

602 1315 755 1396 prepositi
779 1315 943 1397 agriensis,
967 1316 1127 1377 secretarii
1152 1316 1237 1396 regie
1263 1316 1445 1380 Maiestatis.

286 1453 423 1518 originale
442 1453 467 1504 in
485 1455 583 1506 charta.
602 1456 625 1503 Α
644 1458 722 1519 tergo
742 1456 899 1519 impressum
919 1461 961 1508 est
979 1455 1104 1520 sigillum.
1124 1455 1151 1505 ln
1171 1454 1268 1522 archiv.
1283 1469 1340 1508 ven.
1359 1457 1445 1521 Capit.

177 1545 284 1608 zagrab.
305 1544 362 1594 Act.
384 1543 447 1607 Cap.
466 1547 520 1596 ant.
540 1543 603 1596 fasc.
624 1544 666 1594 83.
686 1557 724 1596 nr.
749 1545 787 1596 12.

778 1823 853 1890 121.

284 1983 359 2033 hano
380 1983 454 2048 1516,
475 1983 524 2034 fine
541 1982 663 2048 januarll.
682 1980 839 2048 Zagrabiae.

177 2112 228 2168 sld
247 2113 403 2185 capitulum
429 2109 543 2186 refugit
562 2111 708 2184 collegium
730 2111 1013 2170 praebendariorum
1034 2113 1164 2172 ecclesiae
1183 2113 1308 2172 cathedr.
1324 2115 1445 2187 litigans

406 2235 469 2275 cum
492 2217 651 2293 Demetrio,
666 2219 837 2292 praeposito
859 2237 881 2278 s.
906 2218 1036 2294 Martae,
1060 2219 1094 2276 a'e
1116 2219 1224 2280 balneo.

284 2355 466 2418 Reverendi
520 2355 655 2434 domini,
702 2356 826 2418 domini
884 2377 1010 2440 semper
1060 2358 1208 2439 graciosi.
1258 2357 1444 2440 Collegium

177 2462 464 2545 prebendariorum
488 2461 584 2523 huius
609 2461 741 2524 ecclesie
765 2463 922 2544 capellani
943 2463 1048 2541 vestri,
1065 2450 1246 2545 supplicant
1262 2463 1444 2526 humillime

177 2570 208 2630 in
244 2589 295 2647 eo,
329 2569 416 2649 quod
449 2569 647 2650 apertissime
681 2582 814 2649 constat,
840 2569 928 2650 quod
960 2569 1020 2651 ipsi
1054 2571 1113 2630 sub
1145 2570 1244 2631 tutela
1276 2569 1315 2632 V.
1341 2571 1379 2630 R.
1405 2569 1444 2632 D.

175 2675 326 2756 quitquid
358 2673 512 2736 haberent
545 2694 603 2756 pro
628 2675 766 2757 presenti
798 2687 829 2736 et
852 2674 1032 2737 habuerunt
1056 2676 1095 2736 ad
1121 2675 1299 2757 prebendas
1322 2695 1445 2754 eorum,

174 2782 284 2843 omnia
317 2801 335 2842 a
365 2781 654 2864 predecessoribus,
679 2780 811 2842 fatribus
845 2795 875 2842 et
907 2781 1132 2843 concanonicis
1155 2781 1276 2842 Vestris
1307 2780 1443 2858 habent;

175 2889 234 2970 ipsi
271 2887 513 2969 predecessores
547 2907 585 2948 ex
621 2907 732 2948 eorum
770 2887 821 2969 pia
856 2885 1050 2949 fundacione
1082 2901 1113 2948 et
1143 2887 1352 2949 ordinacione
1385 2906 1443 2968 pro

174 3009 349 3075 augmento
374 2993 474 3055 divini
501 2993 605 3054 cultus
628 3007 659 3054 et
682 2994 724 3054 ob
749 2991 950 3074 refrigerium
974 2994 1154 3055 animarum
1180 3012 1320 3070 suarum,
1345 2993 1443 3055 ebdo-

174 3100 268 3161 matis
302 3100 405 3161 tribus
429 3100 532 3161 missis
556 3098 637 3160 hanc
669 3099 788 3160 almam
814 3099 980 3160 ecclesiam
1010 3098 1242 3161 decoraverunt
1266 3111 1297 3161 et
1321 3099 1443 3160 lucida-

174 3219 300 3284 verunt‚
317 3219 595 3288 perpetuaverunt‚
612 3205 724 3288 q(uod)
742 3206 773 3266 in
792 3204 874 3267 facto
892 3205 999 3266 balnei
1016 3205 1077 3266 hoc
1094 3204 1256 3266 laudabile
1273 3186 1442 3266 servicium

173 3314 327 3375 dominus
360 3313 542 3375 Demetrius
572 3311 746 3374 modernus
771 3311 928 3394 plebanus
952 3313 1044 3374 beate
1068 3312 1200 3392 virginis
1224 3311 1264 3372 de
1289 3311 1444 3372 Abbaciat

173 3420 313 3481 nescitur
345 3439 483 3501 quorum
513 3418 611 3482 fretus
643 3419 790 3496 consilio,
815 3439 873 3480 suo
906 3439 970 3480 non
1005 3431 1174 3480 contentus
1205 3418 1375 3500 privilegio
1407 3438 1452 3510 ac¹

174 3525 333 3590 beneficio
363 3546 420 3608 per
444 3527 481 3589 V.
505 3526 545 3587 R.
570 3526 608 3587 D.
634 3525 694 3587 sibi
727 3525 813 3604 datu,
838 3525 921 3606 cepit
954 3525 1082 3586 turbare
1107 3537 1142 3585 ut
1166 3537 1196 3585 et
1219 3543 1277 3606 pro
1302 3523 1441 3605 presenti

172 3635 280 3695 turbat
311 3633 344 3694 in
378 3632 562 3715 despectum
594 3632 688 3694 huius
720 3631 912 3693 venerabilis
945 3631 1076 3712 capituli
1101 3644 1132 3692 et
1159 3629 1304 3708 ecclesie,
1328 3642 1359 3690 et
1382 3628 1442 3690 nisi

173 3739 375 3822 opitulamen
408 3740 446 3801 V.
469 3740 509 3801 R.
534 3739 572 3800 D.
597 3737 688 3820 (non)
721 3736 909 3815 interfuerit,
934 3751 964 3799 et
995 3737 1071 3798 talia
1095 3737 1193 3818 ignita
1218 3737 1280 3798 tela
1305 3735 1335 3796 in
1362 3735 1442 3796 hanc

172 3846 293 3906 almam
317 3844 484 3906 ecclesiam
507 3864 564 3926 per
588 3845 693 3926 ipsum
710 3843 879 3905 dominum
898 3844 1097 3905 Demetrium
1115 3842 1336 3923 retorquibilia
1353 3855 1442 3903 scuto

173 3951 325 4013 tuicionis
356 3962 458 4012 vestre
490 3969 672 4032 repercussa
697 3931 762 4011 non
787 3947 905 4011 fuerint
929 3961 960 4010 et
982 3949 1081 4030 ipsius
1106 3948 1289 4030 importune
1315 3947 1441 4030 impeti-

172 4057 275 4120 cionis
298 4056 423 4119 habena
448 4077 513 4118 non
535 4055 714 4136 retrahitur,
740 4053 821 4117 lorte
846 4054 935 4137 quod
960 4073 1024 4115 non
1051 4053 1199 4132 creditur,
1224 4065 1351 4131 statuta,
1374 4053 1442 4114 lau·

173 4164 363 4246 dabilesque
399 4163 584 4227 sancciones
618 4183 674 4245 per
709 4162 778 4224 eius
813 4162 1019 4244 inportunam
1054 4160 1294 4241 impeticionem
1329 4158 1441 4220 violari

173 4273 361 4334 niterentur.
385 4271 462 4332 Item
495 4270 550 4332 uni
583 4290 621 4332 cx
651 4267 871 4352 prebendariis
903 4267 1010 4329 Blasio
1035 4267 1074 4330 de
1099 4263 1375 4347 Zenaharaszthye
1400 4263 1441 4324 si-

172 4377 313 4440 lencium
344 4389 535 4458 perpetuum
568 4395 625 4459 pro
658 4375 728 4458 ipso
760 4374 894 4436 domino
927 4373 1091 4435 Demetrio
1122 4372 1162 4433 V.
1195 4373 1233 4432 R.
1266 4370 1305 4433 D.
1338 4369 1441 4450 impo-

172 4496 315 4562 suerunt,
339 4483 394 4564 qui
424 4501 481 4564 pro
505 4501 559 4544 sue
584 4481 746 4564 prebende
770 4481 952 4542 auctionem
977 4469 1094 4540 contra
1111 4477 1216 4559 ipsum
1241 4475 1441 4538 Demetrium

171 4590 247 4651 satis
271 4588 425 4650 instanter
448 4587 581 4669 juridice
611 4588 757 4650 instabat.
783 4587 886 4668 Super
906 4584 967 4646 hiis
984 4583 1145 4666 premissis
1161 4582 1312 4644 omnibus
1328 4593 1442 4663 rogant

173 4695 346 4776 interloqui
383 4694 634 4756 interlocucione
666 4694 784 4774 habita,
808 4692 980 4774 dignentur
1009 4689 1152 4771 graciose
1185 4701 1287 4749 tutare
1320 4707 1355 4748 ac
1388 4687 1441 4747 de·

172 4799 296 4862 fensare
337 4801 368 4861 in
408 4801 558 4862 omnibus
596 4799 710 4862 officiis
749 4797 970 4861 ecclesiasticis
1006 4795 1087 4858 hanc
1123 4795 1241 4856 almam
1273 4793 1440 4855 ecclesiam

171 4925 311 4986 suosque
344 4906 529 4988 capellanos
570 4919 605 4968 ut
639 4906 704 4967 veri
736 4917 768 4967 et
798 4904 957 4966 naturales
988 4901 1125 4984 patroni,
1154 4901 1239 4982 piam
1274 4910 1440 4982 expectant

173 5011 381 5073 relacionem.

1277 5169 1289 5196 a
