3808 5792
623 497 697 556 Doc.
722 494 788 571 165.
819 529 852 538 -
880 501 937 556 An.
962 508 1053 571 1520.

238 602 274 606 —
304 603 462 612 —,.--...-...
481 605 492 607 -
535 603 588 608 -,.

797 777 878 842 165.

312 951 388 1004 Anao
410 952 485 1004 1520.
504 953 528 1002 2.
546 953 613 1018 julii.
634 953 731 1006 Budas.

205 1093 374 1152 ludovicus
398 1096 451 1170 ll,
476 1096 579 1170 Hung.
601 1103 651 1155 etc.
675 1114 739 1156 rex.
767 1100 911 1172 praecipit
940 1099 1032 1168 bonas,
1065 1106 1098 1156 ut
1118 1099 1280 1173 pn'vitegta
1311 1103 1470 1160 communi-

671 1203 740 1260 tatis
759 1205 886 1262 civitatt's
909 1202 1014 1263 colunt.
1441 1197 1443 1202 ⁵

856 1361 1016 1413 Commissio
1036 1362 1145 1427 propria
1165 1362 1262 1415 domini
1283 1361 1363 1427 regis.

312 1465 496 1528 Ludovicus
519 1467 571 1528 dei
594 1468 701 1548 gracia
724 1487 778 1530 rex
801 1468 968 1551 Hungarie
992 1482 1023 1530 et
1047 1467 1202 1531 Bohernie
1227 1483 1286 1532 etc.
1305 1469 1471 1532 Fidelibus

205 1570 322 1632 nostris
343 1591 516 1654 regnorum
540 1585 722 1635 nostrorum
748 1573 923 1654 Dalmacie,
948 1574 1083 1636 Croacie
1116 1589 1146 1637 et
1179 1575 1349 1638 Sclauouie
1381 1576 1472 1638 banis

205 1675 358 1759 deinceps
382 1679 613 1742 constituendis
636 1680 772 1742 salutem
798 1693 829 1742 et
851 1681 1003 1762 graciam.
1028 1681 1219 1764 Expositum
1243 1695 1290 1744 est
1315 1683 1472 1745 Maiestati

204 1797 313 1844 nostre
337 1783 370 1846 in
394 1786 538 1867 personis
560 1785 705 1848 fidelium
727 1800 910 1849 nostrorum
935 1787 1159 1850 universorum
1184 1788 1303 1850 civium
1328 1802 1359 1850 et
1383 1789 1471 1852 inha-

206 1888 380 1951 bitatorum
405 1890 540 1953 civitatis
563 1904 669 1954 nostre
693 1892 812 1954 montis
837 1891 1017 1972 Grecensis,
1042 1893 1229 1974 quodlicet
1257 1895 1377 1956 civitati
1401 1915 1472 1978 pre·

205 1995 291 2056 dicte
315 2016 371 2078 per
394 1996 487 2059 divos
510 1998 647 2060 condam
671 2018 762 2080 reges
786 1999 953 2080 Hungarie
977 2012 1103 2062 nostros
1126 2000 1247 2061 scilicet
1270 2000 1473 2082 predecesso-

206 2121 257 2162 res
289 2114 373 2165 certa
408 2103 576 2186 privilegia
608 2118 639 2165 et
673 2105 836 2166 libertates
872 2103 990 2166 fuerint
1025 2124 1185 2184 concesse,
1221 2107 1339 2186 quibus
1374 2107 1473 2189 longo

205 2219 355 2289 tempore
379 2209 477 2271 instar
500 2210 636 2272 aliarum
669 2209 842 2272 liberarum
875 2211 1039 2272 civitatum
1074 2211 1249 2274 Maiestatis
1280 2227 1386 2275 nostre
1418 2233 1473 2276 usa

206 2311 305 2375 fuerit
325 2327 356 2376 et
377 2315 503 2396 gavisa;
528 2329 636 2378 tamen
659 2317 861 2398 superiorum
885 2335 1044 2379 annorum
1061 2317 1135 2379 bani
1153 2317 1283 2380 illorum
1301 2337 1474 2401 regnorum

207 2433 392 2482 nostrorum
416 2441 529 2486 omnes
553 2421 618 2484 lere
642 2442 839 2486 successores
862 2423 994 2484 illustris
1011 2424 1149 2486 condam
1166 2423 1320 2487 Johannis
1337 2425 1474 2488 Coruini

208 2527 311 2607 ducis,
335 2528 481 2590 similiter
505 2530 681 2592 eorundem
707 2549 880 2611 regnorum
904 2543 1086 2592 nostrorum
1110 2531 1197 2610 bani,
1230 2531 1263 2592 in
1287 2530 1474 2594 huiusmodi

207 2633 409 2696 libertatibus
432 2635 574 2718 ipsorum
599 2637 734 2698 eandem
766 2635 928 2698 civitatem
963 2649 1103 2698 nostram
1135 2656 1201 2698 non
1226 2651 1475 2715 conservassent,

209 2759 323 2801 verum
348 2753 457 2803 contra
482 2741 619 2803 eandem
642 2741 738 2802 variis
771 2741 901 2804 eosdem
936 2741 1088 2805 oneribus
1119 2761 1176 2824 pro
1208 2741 1300 2804 libito
1331 2743 1475 2826 ipsorum

207 2860 279 2908 tum
302 2866 359 2928 per
382 2867 425 2926 se,
449 2861 517 2909 tum
542 2848 642 2910 eciam
666 2861 857 2930 pergentes
880 2868 953 2910 suas
976 2861 1142 2910 vexassent
1175 2859 1206 2910 et
1236 2849 1475 2931 oppressissent.

211 2952 434 3035 Supplicatum
460 2954 567 3036 itaque
592 2953 694 3016 extitit
719 2953 876 3016 Maiestati
901 2968 1008 3016 nostre
1033 2973 1091 3037 pro
1112 2967 1201 3036 parte
1229 2954 1418 3034 eorundem,
1443 2967 1477 3017 ut

210 3059 288 3141 ipsis
311 3059 392 3121 circa
415 3060 568 3142 premissa
591 3059 744 3140 graciose,
776 3073 871 3142 prout
894 3059 963 3140 jura
988 3061 1132 3142 ipsorum
1155 3061 1368 3142 expostulant,
1403 3080 1476 3143 pro-

211 3164 321 3226 videre
345 3165 560 3248 dignaremur.
586 3166 626 3227 Et
649 3167 725 3247 quia
749 3184 807 3227 nos
839 3166 957 3228 dictam
988 3167 1150 3229 civitatem
1182 3179 1334 3246 nostram,
1366 3185 1477 3228 conse·

212 3284 413 3353 quenterque
437 3272 522 3333 cives
545 3285 576 3334 et
599 3272 829 3334 inhabitatores
854 3273 996 3334 eiusdem
1022 3273 1189 3335 universos
1212 3274 1245 3334 in
1269 3272 1362 3334 dictis
1393 3273 1477 3354 ipso·

211 3396 284 3438 rum
307 3377 508 3440 libertatibus
532 3398 588 3460 per
613 3378 705 3439 divos
729 3378 866 3440 condam
891 3399 982 3461 reges
1001 3379 1164 3460 Hungarie
1183 3378 1303 3441 eisdem
1321 3379 1478 3441 concessis

212 3496 243 3544 et
268 3483 369 3544 eciam
393 3504 450 3566 per
482 3484 682 3545 Maiestatem
716 3497 882 3565 paternam
916 3484 1111 3548 confirmatis
1145 3485 1268 3546 illibate
1299 3485 1479 3547 conservari

213 3590 375 3668 volumus,
399 3589 591 3652 mandamus
615 3589 713 3670 igitur
735 3589 879 3651 fidelitati
904 3604 1007 3653 vestre
1031 3592 1144 3654 harum
1177 3592 1257 3654 serie
1288 3591 1480 3669 firmissime,

213 3697 303 3758 aliud
327 3696 418 3758 nullo
443 3697 542 3758 modo
577 3695 692 3758 habere
729 3697 885 3775 volentes,
910 3711 1068 3778 quatenus
1099 3696 1218 3760 amodo
1253 3697 1285 3758 in
1316 3708 1510 3778 posterum·

213 3803 419 3884 prescriptam
451 3803 611 3864 civitatem
636 3815 788 3879 nostram,
822 3802 970 3884 civesque
1002 3817 1033 3865 et
1062 3804 1229 3866 universos
1252 3802 1480 3864 inhabitatores

215 3909 360 3971 eiusdem
385 3909 416 3969 in
442 3908 534 3970 dictis
558 3909 702 3990 ipsorum
725 3907 935 3987 libertatibus,
960 3909 1200 3992 privilegiisque
1217 3923 1326 3970 contra
1343 3907 1480 3969 formam

215 4015 310 4077 huius
334 4015 476 4077 mandati
500 4015 599 4077 nostri
624 4033 681 4075 nec
707 4015 738 4074 in
764 4015 908 4095 personis
925 4033 983 4077 nec
1001 4015 1034 4076 in
1052 4016 1146 4077 rebus
1163 4014 1330 4096 impedire,
1353 4015 1480 4075 turbare

215 4135 270 4183 aut
293 4121 401 4202 aliqua
426 4141 464 4182 ex
487 4135 574 4202 parte
606 4119 777 4181 molestare
808 4120 875 4180 sive
908 4120 1070 4182 molestari
1102 4119 1205 4182 facere
1235 4119 1351 4201 quovis
1382 4117 1481 4180 modo

215 4228 416 4310 presumatis,
441 4227 495 4288 sed
521 4226 653 4308 pristina
678 4245 733 4286 eos
749 4225 894 4287 libertate
912 4239 942 4287 et
959 4227 1098 4308 antiquis
1113 4225 1369 4287 immunitatibus
1385 4224 1482 4286 instar

215 4335 351 4397 aliarum
374 4335 546 4397 liberarum
571 4331 735 4392 civitatum
760 4345 939 4393 nostrarum
963 4333 1009 4394 uti
1032 4345 1063 4394 et
1085 4331 1224 4413 gaudere
1249 4331 1431 4412 permittere
1451 4343 1482 4392 et

216 4441 356 4524 permitti
381 4438 494 4519 facere,
517 4458 554 4499 ac
577 4437 708 4499 eosdem
733 4436 964 4499 nichilominus
995 4452 1104 4499 contra
1135 4437 1266 4518 quosvis
1297 4436 1482 4518 illegitimos

217 4547 416 4630 impetitores
441 4547 471 4607 in
496 4544 647 4606 omnibus
663 4561 790 4624 semper
812 4543 905 4622 tueri,
921 4557 1088 4626 protegere
1106 4557 1136 4605 et
1153 4556 1360 4604 manutenere
1377 4541 1483 4602 modis

217 4653 369 4715 omnibus
392 4645 535 4713 debeatis
558 4664 589 4711 et
611 4648 785 4710 teneamini
810 4662 917 4709 nostre
943 4650 1117 4711 Maiestatis
1141 4651 1173 4710 in
1204 4667 1351 4730 persona,
1374 4660 1482 4708 aucto·

218 4761 374 4841 ritateque
398 4778 434 4819 ac
459 4756 525 4832 iure
550 4769 581 4817 et
616 4755 738 4834 justicia
775 4753 945 4817 mediante.
981 4757 1079 4818 Secus
1118 4755 1214 4835 igitur
1246 4753 1337 4815 nullo
1373 4751 1483 4831 mod0,

219 4867 372 4947 nullaque
396 4863 524 4925 racione
557 4861 680 4924 facturi.
705 4860 918 4924 Presentibus·
939 4861 1097 4944 perlectis,
1129 4860 1290 4922 exhibenti
1323 4859 1482 4920 restitutis.
