3752 5806
803 1645 833 1709 1.

280 1839 357 1888 Auno
378 1833 457 1900 1500,
478 1835 789 1904 selemsitanus.

189 2016 364 2092 Vlodislaus,
388 2017 569 2095 Hungariue
598 2023 645 2077 etc.
669 2035 731 2090 rex,
747 2016 890 2090 prohibet,
915 2035 951 2074 nc
979 2019 1038 2091 ipsc
1067 2015 1178 2092 quidem
1209 2016 1352 2090 epscopus
1377 2025 1446 2092 post

178 2130 293 2180 mortem
314 2123 447 2180 canonici
466 2121 614 2198 cujusdam
634 2123 768 2181 detestato
783 2119 914 2196 defuncti
924 2141 982 2182 sese
997 2125 1124 2202 urgerat,
1141 2123 1305 2197 statuitque,
1323 2131 1357 2180 ut
1368 2125 1444 2198 capi·

179 2230 273 2288 tastum
297 2231 418 2304 antiquo
439 2247 516 2286 more
538 2235 626 2286 totam
633 2229 792 2304 fortiam
816 2247 836 2285 a
854 2227 992 2288 canom'co
1006 2226 1135 2288 relictam
1154 2228 1270 2286 ds'uidat
1282 2231 1444 2304 tusas-iam.

868 2363 1027 2418 commissio
1047 2366 1155 2431 propria
1175 2366 1273 2418 domlnl
1293 2367 1373 2432 regis.

284 2506 484 2569 Wladislaus
507 2507 559 2569 dei
582 2508 688 2590 gracia
712 2527 765 2570 rex
782 2508 949 2590 Hungarie
981 2520 1012 2570 et
1031 2507 1186 2570 Bobemie
1204 2521 1262 2572 etc.
1280 2508 1446 2572 Fidelibus

184 2612 312 2690 nostris,
338 2612 514 2674 reverendo
545 2614 637 2696 patri,
661 2613 795 2676 domino
820 2611 927 2675 futuro
950 2612 1102 2696 episcopo
1138 2614 1270 2676 ecclesie
1302 2615 1445 2696 zagrabi-

179 2719 262 2780 ensis
286 2737 323 2780 ac
343 2718 481 2800 egregiis
496 2718 591 2781 Petro
616 2718 656 2780 de
673 2719 808 2781 Bwtbks
825 2731 856 2780 et
872 2717 1009 2780 lohanni
1027 2717 1266 2802 Podmaniczlry
1282 2720 1446 2782 modernis

177 2825 449 2906 gubernatoribus
483 2825 685 2908 episcopatus
721 2824 865 2888 eiusdem
901 2825 1034 2887 ecclesie
1068 2825 1294 2906 zagrabiensis,
1330 2845 1445 2888 eorun-

178 2929 320 3012 demque
336 2928 511 2993 factoribus
526 2943 557 2992 et
573 2929 775 3010 officialibus,
788 2943 952 3014 presentes
964 2931 1088 3010 visuris,
1102 2931 1238 2994 salutem
1252 2944 1282 2994 et
1294 2932 1445 3014 graciam.

179 3035 225 3097 Ex
250 3036 383 3118 querela
407 3055 466 3118 pro
486 3049 576 3119 parte
592 3035 738 3100 fidelium
754 3049 939 3100 nostrorum
954 3037 1146 3100 venerabilis
1162 3049 1193 3099 et
1205 3037 1446 3100 honorabilium

178 3142 335 3225 prepositi
359 3159 396 3204 ac
413 3142 658 3225 dignitariorum
682 3156 714 3205 et
738 3143 967 3206 canonicorum
992 3143 1123 3226 capituli
1140 3143 1273 3206 ecclesie
1290 3143 1446 3224 eiusdem,

178 3249 273 3310 nobis
297 3249 452 3330 porrectis
475 3249 702 3330 intelleximus,
720 3249 808 3331 quod
832 3249 906 3312 licet
929 3251 990 3332 ipsi
1015 3269 1052 3311 ex
1075 3250 1280 3313 concessione
1297 3263 1328 3312 et
1345 3269 1445 3312 annu-

179 3355 270 3416 encia
286 3354 437 3416 divorum
463 3356 688 3438 episcoporum
705 3355 849 3419 eiusdem
871 3355 1003 3418 ecclesie
1021 3376 1057 3418 ea
1074 3355 1229 3418 libertatis
1245 3355 1445 3438 prerogativa

178 3479 306 3543 semper
339 3462 388 3523 usi
422 3459 560 3540 fuerunt,
594 3474 627 3523 ut
662 3463 858 3544 quicumque
890 3482 929 3524 ex
960 3463 1005 3524 eis
1035 3461 1215 3543 dignitariis
1245 3463 1311 3524 sive
1344 3462 1446 3525 eciam

179 3567 343 3628 canonicis
368 3566 512 3629 eiusdem
536 3568 668 3630 ecclesie
693 3568 859 3630 intestatus
883 3568 1077 3648 decessisset,
1094 3568 1135 3630 de
1158 3568 1272 3630 talium
1295 3569 1391 3630 rebus
1414 3580 1445 3630 et

179 3673 274 3734 bonis
309 3672 420 3734 nullus
453 3673 648 3755 prelatorum
684 3675 750 3736 sive
780 3675 1032 3756 gubernatorum
1067 3675 1211 3737 eiusdem
1243 3675 1375 3736 ecclesie
1410 3695 1446 3736 ac

179 3776 338 3840 factorum
364 3779 541 3842 eorundem
565 3801 599 3842 se
622 3780 690 3842 ullo
714 3793 809 3863 pacto
833 3781 976 3862 ingerere
1000 3801 1057 3842 seu
1077 3781 1288 3842 intromittere
1306 3779 1445 3859 deberet,

177 3885 234 3948 sed
271 3887 357 3948 bona
392 3897 425 3948 et
456 3906 506 3948 res
539 3886 725 3948 huiusmodi
763 3887 832 3950 sine
866 3899 1057 3950 testamento
1096 3886 1280 3948 decedentis
1315 3886 1446 3948 arbitrio

179 3991 407 4073 capitularium
438 3992 471 4054 in
502 4005 566 4054 tres
596 4005 702 4075 partes
738 3993 968 4074 dividerentur,
1001 4013 1138 4075 quarum
1173 4011 1272 4054 unam
1304 3991 1447 4070 ecclesie,

179 4096 316 4160 alteram
352 4117 411 4180 pro
444 4097 639 4178 elemosinis,
666 4099 797 4161 terciam
828 4119 905 4161 vero
937 4099 1148 4161 creditoribus
1179 4110 1210 4160 et
1241 4098 1449 4160 servitoribus

180 4202 395 4285 deputarent;
424 4216 532 4266 tamen
555 4205 617 4267 hiis
640 4205 795 4288 proximis
823 4205 937 4268 diebus
960 4205 1036 4284 Vos,
1060 4217 1147 4288 puta,
1171 4204 1263 4266 Petre
1291 4203 1449 4288 Bwtblray

179 4320 212 4370 et
235 4309 400 4371 lohannes
422 4309 662 4394 Podmaniczky
684 4309 870 4373 huiusmodi
894 4311 1076 4372 libertatem
1101 4328 1214 4372 eorum
1240 4308 1449 4392 infregissetis

180 4427 213 4476 et
230 4415 271 4476 de
295 4416 391 4477 rebus
408 4415 575 4478 cuiusdam
600 4417 809 4480 concanonici
830 4417 974 4499 ipsorum
991 4435 1093 4499 nuper
1109 4414 1251 4477 defuncti
1267 4415 1333 4476 Vos
1351 4416 1450 4477 intro·

88 4521 91 4526 ’
180 4521 348 4584 misissetis
377 4522 409 4583 in
433 4523 648 4604 preiudicium
676 4522 832 4585 libertatis
863 4523 1007 4585 eiusdem
1040 4522 1184 4601 ecclesie,
1207 4520 1450 4602 dampnumque

178 4627 360 4688 eorundem
385 4629 619 4710 exponencium
642 4649 708 4690 non
732 4627 909 4690 modicum.
926 4631 1065 4711 Accepta
1090 4627 1187 4709 igitur
1210 4625 1449 4708 supplicacione

179 4752 240 4814 pro
264 4745 353 4815 parte
378 4723 521 4816 ipsorum
544 4735 780 4817 exponencium
806 4734 963 4796 Maiestati
995 4747 1100 4796 nostre
1124 4745 1280 4817 porrecta,
1306 4732 1451 4794 volentes

180 4837 350 4900 ecclesiam
382 4839 484 4921 ipsam
516 4853 627 4922 utpote
658 4852 839 4902 matronam
870 4840 957 4901 illius
981 4840 1069 4921 regni
1095 4839 1195 4902 nostri
1220 4837 1392 4900 Sclavonie
1417 4837 1449 4899 in

180 4944 335 5006 omnibus
368 4949 442 5011 eius
464 4945 664 5008 libertatibus
688 4959 719 5008 et
742 4945 1028 5008 consvetudinibus
1059 4945 1242 5028 approbatis
1265 4963 1453 5006 conservare

182 5061 215 5110 et
238 5047 342 5111 facere
370 5050 471 5112 eciam
495 5053 686 5132 conservari,
702 5065 870 5134 propterea
894 5052 1085 5114 mandamus
1109 5049 1315 5112 fidelitatibus
1339 5050 1451 5112 vestris

1334 5158 1344 5199 1
