3732 5802
392 537 433 599 82
778 543 852 603 Doc.
876 540 926 618 76,
951 552 1000 619 77.
1024 575 1066 586 -
1089 543 1147 600 An.
1174 553 1260 618 1510.

432 647 561 655 ——-
584 649 803 656 .—--·-—-—
810 650 964 656 ———

997 771 1057 839 76.

490 910 565 960 Anao
587 909 663 976 1510,
681 913 706 964 9.
723 911 798 976 jaali.
823 909 980 976 Zagrablae.

388 1037 576 1113 Inquisitione
606 1039 760 1096 constituta
782 1057 802 1094 a
824 1038 958 1094 comitatu
988 1037 1174 1110 zagrabiensi
1202 1039 1360 1097 nunnotur
1381 1036 1540 1114 Maeniam,
1565 1040 1655 1097 civem

382 1145 543 1218 erfirrm,
555 1161 616 1202 cum
636 1145 783 1200 nonnullis
797 1144 882 1202 sociis
896 1144 1006 1200 cunam
1016 1144 1168 1222 Johonnis
1185 1141 1389 1202 archidiaconi
1407 1147 1497 1203 armis
1512 1147 1656 1204 invasisse

546 1252 666 1325 ejusque
682 1250 878 1324 propinquum
901 1249 1041 1307 cambucis
1057 1251 1167 1324 ferreis
1190 1251 1294 1325 infeste
1315 1253 1495 1313 mulcavisse.

491 1390 558 1451 Nos
582 1389 700 1450 Paulus
723 1388 945 1470 Chaulowych
970 1389 1010 1450 de
1028 1387 1270 1471 Gywrlcowecz,
1294 1391 1468 1454 vicebanus
1490 1405 1521 1453 et
1545 1409 1657 1454 comes

386 1515 422 1556 ac
446 1494 566 1576 judices
589 1495 749 1557 nobilium
769 1495 939 1556 comitatus
960 1495 1185 1575 zagrabiensis.
1204 1497 1359 1558 Memorie
1376 1497 1656 1574 commendamus,

387 1601 474 1682 quod
500 1621 571 1662 cum
597 1621 656 1663 nos
679 1601 719 1662 ad
742 1600 898 1682 legittime
915 1601 1084 1682 peticionis
1101 1601 1289 1663 instanciam
1307 1601 1506 1664 honorabilis
1522 1602 1657 1684 capituli

387 1707 519 1769 ecclesie
553 1707 778 1788 zagrabiensis,
802 1705 842 1768 de
872 1706 947 1768 sede
980 1719 1086 1768 nostra
1119 1705 1284 1786 judiciaria
1313 1708 1456 1770 nobilem
1481 1709 1656 1770 Nicolaum

387 1813 427 1876 de
460 1813 602 1892 Pezerio,
627 1833 728 1874 unum
761 1834 798 1877 ex
831 1813 934 1892 nobis,
958 1812 1108 1874 videlicet
1140 1811 1277 1890 iudicem
1307 1814 1467 1875 nobilium
1491 1815 1533 1875 ad
1559 1813 1656 1876 infra·

387 1920 534 2001 scriptam
560 1919 808 2001 inquisicionem
831 1917 1010 1980 faciendam
1029 1918 1294 1994 destinassemus;
1313 1919 1368 2000 qui
1387 1919 1518 1981 tandem
1539 1919 1656 1980 exinde

389 2025 429 2086 ad
460 2046 519 2088 nos
552 2044 706 2104 reversus,
730 2026 822 2086 nobis
852 2025 975 2087 retulit:
1001 2024 1168 2106 quomodo
1193 2025 1259 2107 ipse
1283 2026 1323 2087 ab
1348 2025 1512 2103 omnibus,
1537 2025 1658 2106 quibus

388 2131 555 2210 decuisset,
589 2132 695 2214 palam
732 2145 762 2193 et
796 2130 902 2192 oculte
934 2130 1105 2212 diligenter
1135 2130 1340 2212 inquirendo,
1373 2129 1414 2192 de
1447 2128 1658 2213 infrascriptis

387 2237 484 2298 talem
508 2238 685 2299 rescivisset
708 2237 907 2298 certitudinis
927 2236 1110 2298 veritatem:
1132 2237 1300 2318 quomodo
1321 2236 1373 2299 die
1391 2236 1557 2299 dominico
1574 2238 1659 2300 inter

388 2357 516 2406 octavas
554 2343 750 2406 visitacionis
785 2343 916 2424 virginis
953 2343 1064 2421 Maris,
1099 2343 1191 2404 cuius
1227 2343 1290 2404 iam
1327 2343 1439 2424 quinta
1474 2343 1659 2425 preterisset

387 2449 534 2510 annualis
559 2450 733 2529 revolucio,
754 2449 887 2531 quidam
912 2449 1048 2510 Mathias
1070 2447 1211 2531 pellifex,
1234 2469 1318 2510 nunc
1342 2449 1420 2510 civis
1439 2450 1561 2511 montis
1578 2447 1658 2512 Gre-

389 2555 502 2634 censis,
530 2556 699 2638 assumptis
730 2574 837 2616 secum
872 2552 1035 2616 Gwrkone
1067 2551 1236 2636 lrenlpare,
1262 2555 1415 2637 Synkone
1447 2555 1594 2617 institore
1626 2569 1658 2618 et

386 2661 456 2721 aliis
494 2660 686 2742 quibusdam
719 2660 931 2742 complicibus
966 2679 1022 2721 sue
1055 2659 1255 2721 condicionis
1290 2658 1487 2738 hominibus,
1523 2660 1658 2722 armatis

388 2767 537 2828 manibus
572 2781 603 2828 et
636 2767 782 2848 potencia
816 2766 847 2827 in
882 2765 1016 2827 domum
1048 2765 1239 2828 venerabilis
1270 2765 1395 2827 domini
1428 2765 1587 2828 lobannis
1618 2765 1658 2826 de

388 2873 538 2952 Chasma,
555 2893 639 2934 nunc
663 2871 878 2934 archidiaconi
904 2872 1125 2950 kamarcensis,
1150 2871 1324 2949 irruissent,
1346 2871 1455 2954 ibique
1480 2872 1658 2954 quemdam

388 2979 550 3040 Thomam
567 2978 714 3061 Persych,
731 2991 894 3056 sartorem,
912 2977 1040 3040 fratrem
1059 2976 1247 3059 adoptivum
1270 2977 1369 3060 ipsius
1389 2977 1515 3040 domini
1533 2979 1659 3039 kamar-

388 3085 500 3164 censis,
525 3085 683 3146 hostiliter
707 3085 903 3162 invadentes,
929 3103 985 3165 per
1008 3084 1176 3164 crinesque
1200 3083 1359 3166 rapientes
1383 3084 1417 3145 in
1441 3097 1560 3145 terram
1584 3103 1659 3166 pro-

387 3191 568 3252 stravissent
592 3203 622 3252 et
646 3210 718 3251 cum
743 3190 904 3252 cambucis
927 3189 1036 3250 lerreis
1060 3209 1162 3270 usque
1187 3189 1228 3250 ad
1249 3189 1489 3272 beneplacitum
1511 3190 1658 3271 ipsorum

387 3299 615 3375 verberassent,
628 3297 775 3378 potencia
792 3295 963 3374 mediante,
977 3295 1009 3356 in
1026 3294 1241 3376 preiudicium
1258 3309 1289 3356 et
1305 3295 1483 3378 dampnum
1500 3309 1531 3356 et
1547 3309 1660 3356 contra

387 3402 566 3464 libertatem
591 3402 762 3464 domorum
788 3401 1023 3464 canonicalium
1046 3399 1140 3461 valde
1164 3419 1331 3481 magnum.
1356 3399 1475 3462 Datum
1500 3401 1659 3483 Zagrabie

388 3507 440 3568 die
471 3509 635 3570 dominico
666 3509 813 3590 proximo
845 3520 916 3568 ante
949 3505 1066 3568 festum
1098 3505 1179 3568 beati
1214 3505 1359 3569 Barnabe
1385 3507 1535 3590 apostoli.
1561 3512 1659 3569 Anno

387 3612 512 3675 domini
536 3613 709 3674 millesimo
733 3613 991 3694 quingentesimo
1016 3611 1153 3674 dccim0.

495 3733 629 3799 Originale
655 3735 681 3786 la
705 3736 803 3786 charta.
823 3733 847 3785 Δ
872 3739 950 3800 tergo
976 3734 1027 3786 tria
1052 3734 1143 3800 sigilla
1168 3735 1308 3799 impressa.
1328 3735 1355 3787 ln
1378 3735 1477 3789 archiv.
1497 3749 1558 3786 ven.
1579 3736 1660 3800 capit.

388 3825 495 3890 aagrab.
514 3821 574 3874 Act.
595 3824 657 3887 Cap.
677 3827 730 3873 ant.
750 3823 813 3875 fasc.
836 3823 875 3875 10.
895 3837 932 3875 nr.
955 3824 994 3874 16.

991 4087 1039 4155 'l'l

494 4230 568 4281 Anao
591 4231 664 4293 1510,
685 4229 727 4279 28.
744 4228 819 4294 iunii.
839 4214 957 4280 Casurae.

389 4357 491 4422 Lucos,
508 4358 649 4429 episcopus
664 4357 867 4431 zograbr'ensiq
883 4358 1032 4430 vituperat
1043 4357 1202 4429 capitulum
1218 4355 1414 4428 sagrabierue,
1432 4357 1665 4434 quodJoleanm'

509 4461 707 4519 archrilioconi
726 4463 756 4519 in
780 4464 1009 4537 opportuniorem
1032 4463 1143 4520 domm
1166 4463 1379 4536 transmigrare
1401 4471 1526 4522 recusat.

495 4600 700 4662 Venerabiles
731 4601 865 4681 domini,
893 4601 1005 4663 fratres
1036 4602 1135 4663 nostri
1165 4601 1354 4664 charissimi.
1378 4602 1452 4663 Non
1487 4620 1663 4682 possumus

391 4703 429 4762 de
462 4705 551 4764 vobis
585 4707 787 4768 vehementer
819 4727 884 4768 non
908 4707 1028 4786 mirari,
1053 4707 1141 4788 quod
1166 4727 1267 4789 quum
1292 4707 1398 4769 sciatis
1422 4706 1597 4789 plerosque
1623 4727 1661 4768 ex

391 4809 550 4869 canonicis
582 4811 670 4871 istius
702 4814 832 4873 ecclesie
860 4826 967 4874 nostre
991 4813 1111 4874 nedum
1136 4813 1287 4875 domibus
1311 4813 1367 4874 sed
1392 4810 1502 4874 lundis
1527 4832 1661 4894 quoque

392 4912 446 4971 ubi
470 4913 579 4974 usibus
603 4918 666 4977 suis
683 4917 902 4979 habitaculum
919 4918 1052 5000 aliquod
1070 4918 1217 4981 edificare
1234 4933 1378 5001 possent,
1395 4919 1525 5002 penitus
1541 4938 1661 4996 carere,

392 5034 456 5076 non
474 5017 629 5081 desistatis
652 5022 723 5082 lites
747 5043 846 5084 novas
861 5023 1031 5086 adversum
1050 5026 1268 5088 venerabilem
1287 5026 1459 5088 dominum
1477 5023 1661 5088 lohannem
