3808 5792
775 554 1029 630 Doc.173,174.
1067 587 1101 598 -
1125 555 1298 631 An.1523.

1414 663 1645 670 ———--.-——-
1652 663 1667 668 -

996 782 1077 849 173.

507 936 581 986 Anno
606 937 902 989 incederemus.
925 940 1033 1003 Progne.

401 1078 565 1136 Ludoor'cus
591 1080 642 1155 IL,
664 1080 780 1154 Hung„
802 1088 852 1140 etc.
877 1101 938 1157 rex,
968 1083 1115 1157 proecepit
1141 1085 1275 1158 capitulo,
1300 1091 1333 1141 ut
1354 1085 1507 1161 Johonnis
1541 1084 1665 1144 Corvini

399 1203 446 1243 res
465 1187 608 1258 pretiosas
618 1187 896 1260 pignon'oppositas
919 1188 1022 1245 trodo!
1046 1187 1173 1262 Georgia
1188 1188 1352 1247 marchioni
1377 1189 1661 1263 Brandemburgensr

1054 1352 1214 1404 Commissio
1234 1353 1343 1416 propria
1363 1350 1461 1403 domini
1482 1351 1563 1418 regis.

507 1437 693 1500 Ludouicus
716 1439 768 1501 dei
791 1440 898 1521 gracia
922 1459 977 1502 rex
1002 1440 1166 1521 Hungarie
1192 1454 1222 1502 et
1246 1441 1402 1502 Bohemie
1435 1453 1494 1502 etc.
1520 1441 1668 1503 Honora-

402 1543 492 1622 biles,
515 1542 635 1623 fideles,
660 1545 753 1606 nobis
776 1543 903 1607 dilecti!
928 1544 1028 1608 Grato
1052 1545 1161 1607 animo
1186 1591 1194 1608 .
1219 1592 1227 1607 .
1253 1592 1260 1606 .
1286 1545 1373 1626 quod
1392 1545 1667 1627 quemadmodum

401 1648 494 1710 vobis
518 1695 689 1712 ......
714 1669 763 1712 res
793 1663 959 1731 argenteas
983 1665 1013 1713 et
1037 1650 1185 1712 clenodia
1216 1650 1348 1712 illustria
1378 1651 1544 1733 quondam
1577 1651 1667 1713 ducis

401 1751 445 1836 (et
468 1755 543 1816 bani
568 1754 722 1816 iohannis
744 1755 891 1838 Coruini)
922 1756 1001 1818 olim
1026 1755 1117 1818 vobis
1141 1755 1364 1838 oppignorata,
1390 1756 1505 1818 illustri
1534 1756 1668 1819 domino

403 1859 545 1942 Georgio
570 1859 747 1922 marchioni
771 1861 1095 1943 Brandemburgensi,
1116 1860 1204 1923 alfini
1229 1873 1261 1923 et
1283 1862 1523 1944 consanguineo
1548 1877 1667 1943 nostro,

402 1985 438 2027 ea
463 1966 636 2048 requirenti
661 1967 869 2030 restitueritis.
895 1967 998 2049 Super
1022 1967 1293 2049 quarumquidem
1317 1987 1423 2029 rerum
1448 1983 1669 2049 argentearum

403 2083 433 2132 et
456 2071 681 2133 clenodiorum
713 2073 921 2134 restitucione
958 2093 1016 2135 vos
1049 2073 1159 2154 vigore
1193 2087 1225 2136 et
1247 2073 1433 2136 testimonio
1468 2075 1668 2156 presencium

401 2175 565 2240 literarum
589 2189 769 2240 nostrarum
793 2179 920 2260 quietos
944 2191 975 2240 et
997 2179 1163 2261 expeditos
1195 2179 1360 2241 reddimus
1391 2193 1422 2241 et
1445 2181 1669 2263 relinquimus.

402 2283 520 2344 Datum
545 2283 646 2366 Prage
669 2283 701 2344 in
726 2282 807 2347 lesto
833 2285 917 2347 beati
949 2285 1075 2347 Nicolai
1100 2286 1243 2368 episcopi
1276 2299 1307 2348 et
1339 2285 1539 2349 confessoris.
1574 2291 1669 2350 Anno

402 2388 526 2450 domini
552 2390 725 2453 millesimo
750 2391 1011 2472 quingentesimo
1035 2392 1192 2474 vigesimo
1216 2392 1346 2454 secudo.

508 2491 656 2562 (arengo.)
685 2496 878 2559 Honorabili
915 2497 1056 2580 capitulo
1092 2498 1224 2560 ecclesie
1259 2498 1485 2580 zagrabiensis,
1521 2498 1671 2561 fidelibus

403 2601 497 2662 nobis
521 2600 655 2664 dilectis.

508 2721 643 2788 Originale
664 2725 688 2775 iu
710 2725 801 2776 charta
820 2728 935 2777 lacerum
965 2726 992 2776 ln
1012 2725 1110 2777 archiv.
1130 2741 1188 2777 ven.
1216 2727 1300 2790 Capit.
1328 2729 1435 2792 zagrab.
1452 2731 1512 2779 Act.
1533 2729 1595 2792 Cap.
1616 2733 1670 2780 aul.

402 2827 462 2866 asc.
483 2812 524 2862 83.
546 2827 584 2862 nr.
608 2815 650 2863 48.

984 3095 1066 3162 174.

508 3255 581 3305 Anno
604 3254 678 3304 1523.
698 3255 722 3304 5.
738 3253 860 3318 januarii.
879 3251 1034 3318 Zagrabiae.

397 3381 551 3460 solrunnes
584 3383 744 3456 Torquatus
766 3381 913 3438 Korlooic'
934 3380 1027 3437 bonus
1059 3381 1180 3438 nunno!
1208 3381 1365 3452 episcopum
1400 3379 1616 3452 zagrabicnsem
1644 3387 1672 3436 et

348 3549 351 3554 ,
402 3489 558 3561 capitulum
580 3488 701 3561 zogrob.
724 3506 820 3546 omnes
842 3506 911 3544 suos
941 3488 1004 3544 lites
1019 3483 1138 3562 judicio
1162 3487 1362 3559 protonotarii
1392 3487 1481 3564 regni
1510 3485 1668 3543 Slooonr'oe

948 3593 1121 3667 pemisuse.

510 3734 576 3794 Nos
600 3730 764 3794 lohannes
787 3732 974 3812 Torquatus
998 3751 1106 3794 comes
1130 3731 1292 3793 Corbauie
1323 3751 1359 3792 ac
1391 3750 1566 3811 regnorum
1595 3731 1669 3792 Dal-

404 3840 516 3918 macie,
541 3839 676 3901 Croacie
701 3852 732 3900 et
757 3839 928 3900 Sclauonie
953 3841 1065 3900 banus.
1090 3837 1247 3899 Memorie
1279 3837 1557 3914 commendamus,
1581 3836 1669 3918 quod

403 3945 687 4007 reverendissimus
712 3945 743 4005 in
768 3943 897 4005 Christo
922 3957 1011 4025 pater
1035 3944 1187 4006 dominus
1211 3944 1324 4005 Simon
1348 3945 1519 4025 episcopus
1537 3943 1670 4005 ecclesie

403 4052 617 4133 zagrabiensis
641 4069 749 4112 coram
774 4050 867 4110 nobis
891 4029 1101 4130 personaliter
1125 4050 1326 4128 constitutus,
1350 4063 1396 4110 est
1429 4047 1592 4111 confessus
1610 4096 1617 4109 .
1636 4097 1669 4109 ..

403 4159 434 4219 in
460 4157 544 4218 hunc
567 4157 719 4217 modum:
745 4153 832 4236 quod
858 4155 1005 4235 quamvis
1036 4155 1117 4216 inter
1141 4155 1246 4237 ipsum
1281 4154 1451 4216 domiuum
1482 4155 1668 4236 episcopum

403 4284 439 4325 ac
464 4263 638 4324 nonnullos
661 4262 840 4339 servitores,
864 4259 1102 4341 familiaresque
1120 4275 1150 4322 et
1167 4261 1355 4341 jobagiones
1383 4261 1528 4322 eiusdem
1546 4260 1668 4321 domini

405 4369 544 4451 episcopi
569 4383 600 4430 et
624 4367 757 4428 ecclesie
781 4386 837 4428 sue
868 4365 1008 4447 predicte
1033 4387 1070 4427 ex
1099 4386 1173 4445 una,
1205 4386 1240 4426 ac
1271 4365 1461 4436 honorabile
1493 4367 1670 4448 capitulum

404 4475 547 4536 eiusdem
572 4475 702 4535 ecclesie
727 4473 942 4553 zagrabiensis
965 4493 1001 4534 ac
1025 4473 1172 4534 similiter
1187 4472 1362 4532 nonnullos
1379 4471 1559 4551 servitores,
1577 4471 1668 4532 fami·

403 4582 560 4662 liaresque
585 4595 616 4642 et
638 4580 826 4662 jobagiones
849 4579 993 4639 eiusdem
1018 4580 1149 4661 capituli
1174 4599 1210 4640 ex
1235 4579 1297 4640 alia
1321 4578 1476 4660 partibus,
1495 4579 1622 4640 racione
1639 4591 1670 4638 ct

405 4700 549 4769 pretextu
574 4700 700 4747 actuum
736 4685 1007 4768 potenciariorum
1039 4684 1173 4746 acertis
1205 4685 1296 4745 annis
1329 4684 1412 4745 ultro
1445 4684 1590 4765 citroque
1622 4699 1668 4746 ut-

404 4813 540 4873 cumque
568 4791 814 4853 commissorum
847 4791 934 4852 varie
959 4791 1041 4870 lites,
1065 4809 1169 4868 cause,
1202 4789 1384 4850 differencie
1416 4809 1452 4850 ac
1485 4805 1668 4852 controver-

404 4900 521 4958 siarum
546 4899 678 4958 materie
704 4911 790 4959 more
816 4912 846 4959 et
870 4898 1018 4959 suscitate
1043 4911 1139 4977 atque
1164 4909 1272 4958 exorte
1297 4894 1425 4974 luerint,
1450 4907 1558 4958 tamen
1584 4896 1669 4957 idem

405 5004 555 5064 dominus
580 5005 692 5065 Simon
718 5005 888 5088 episcopus
912 5006 1024 5066 volens
1047 5003 1203 5086 expensis
1228 5001 1410 5084 fatigiisque
1439 5015 1470 5063 et
1494 5003 1669 5079 laboribus,
