3732 5802
627 553 702 611 Dar.
726 562 775 628 73,
800 561 841 630 74
877 585 911 596 -
940 553 995 610 An.
1019 564 1106 627 1510.
1440 571 1482 634 77

1103 657 1475 664 -.-.-..---—-——-—-—

215 777 398 840 dominium
430 779 616 840 earumdem
649 779 887 840 intromissione
918 793 949 840 et
976 779 1035 840 sibi
1061 779 1137 862 ipsis
1158 779 1421 861 appropriacione
1446 799 1481 842 ac

214 882 470 962 statuilaccione,
496 905 631 966 usuque,
662 884 824 947 fructuum
856 899 887 946 et
919 885 1136 967 quarumlibet
1167 885 1341 948 utilitatum
1372 906 1482 948 earum

214 991 427 1071 perceptione
449 1011 505 1053 seu
525 990 800 1074 percipilaccione,
818 993 965 1053 universa
982 991 1083 1052 eciam
1106 991 1243 1075 capitula
1260 1005 1291 1053 et
1307 1005 1483 1054 conventus

214 1115 249 1155 ac
281 1095 345 1157 alia
378 1097 448 1158 loca
481 1097 593 1179 quevis
624 1097 789 1160 credibilia
820 1117 838 1158 a
872 1097 1049 1160 litterarum
1081 1115 1211 1158 suarum
1244 1097 1482 1160 statutoriarum

213 1221 269 1262 seu
300 1201 438 1264 aliarum
471 1223 747 1286 quarumcumque
771 1202 992 1265 lassionalium
1016 1202 1187 1286 superinde
1211 1202 1427 1266 confectarum
1452 1216 1483 1266 et

213 1305 486 1370 conficiendarum
517 1310 725 1372 emanacione
754 1323 784 1371 et
808 1308 1031 1371 exundatione
1055 1307 1146 1370 factis
1170 1309 1406 1392 quoquomodo
1430 1309 1481 1372 vel

214 1412 329 1474 fiendis
362 1414 527 1496 prohibuit
554 1414 804 1477 contradicendo
829 1427 859 1476 et
883 1413 1074 1477 contradixit
1097 1414 1275 1477 inhibendo
1299 1415 1427 1499 publice
1452 1427 1482 1478 et

213 1517 383 1581 manifeste
407 1539 515 1582 coram
539 1521 632 1583 nobis
655 1521 840 1582 testimonio
862 1520 1062 1602 presencium
1081 1519 1255 1584 mediante.
1269 1521 1388 1583 Datum
1405 1520 1483 1584 feria

213 1626 311 1687 tercia
335 1626 481 1707 proxima
505 1641 577 1710 post
601 1626 716 1690 festum
742 1625 1053 1708 Transfiguracionis
1071 1625 1206 1689 domini.
1224 1631 1320 1690 Anno
1338 1627 1483 1690 eiusdem

213 1731 389 1794 millesimo
413 1733 674 1814 quingentesimo
699 1753 797 1796 nono.

321 1872 459 1938 Originale
477 1872 503 1924 ln
520 1873 618 1926 charta.
642 1874 759 1940 Atergo
779 1873 920 1939 vestigium
940 1872 1063 1938 impressi
1082 1872 1173 1938 sigilli.
1194 1872 1221 1924 la
1240 1873 1337 1926 archiv.
1357 1873 1402 1928 lib.
1422 1889 1480 1941 reg.

214 1960 285 2013 civit.
305 1963 412 2027 ragrab.

816 2173 876 2243 ta.

318 2297 395 2348 Anno
415 2296 491 2361 1510,
510 2298 534 2349 2.
554 2295 655 2362 aprilis.
678 2283 797 2350 Casurae.

212 2423 319 2492 Lucas,
339 2425 483 2501 episcopus
505 2425 710 2498 aagrabiensis,
723 2426 847 2499 capitula
866 2426 1015 2500 praecipit,
1035 2433 1069 2481 ut
1082 2425 1223 2501 Joleanni
1237 2426 1362 2484 Bradal
1380 2427 1473 2486 arehi-

570 2531 694 2590 de'acona
715 2531 866 2606 denegatos
888 2531 996 2588 reditres
1019 2531 1129 2590 nudat.
1314 2519 1317 2525 ⁴

322 2672 425 2734 Lucas
449 2672 617 2753 episcopus
640 2670 854 2752 zagrabiensis
877 2669 1009 2751 jusserat
1029 2670 1170 2752 capitulo
1187 2669 1331 2731 redditus
1349 2669 1482 2732 loannis

214 2777 371 2856 Bradach‚
393 2777 607 2839 archidiaconi
634 2775 730 2838 Bexin
755 2776 795 2837 ad
820 2775 1056 2856 beneplacitum
1081 2775 1180 2857 ipsius
1203 2793 1380 2852 reservare;
1406 2775 1481 2857 quia

212 2895 320 2944 tamen
362 2883 388 2944 is
426 2883 572 2965 promisit
610 2882 708 2944 vitam
747 2895 777 2943 et
815 2881 1091 2942 conversationem
1122 2899 1212 2942 suam
1243 2881 1415 2942 emendare
1450 2895 1480 2942 et

214 2989 371 3072 primitias
394 3009 467 3050 suas
492 3001 691 3070 quantocyus
714 2986 780 3048 fieri
806 2987 920 3068 poterit
944 2999 974 3047 et
998 2987 1182 3068 praesertim
1202 2986 1242 3048 ad
1259 2985 1480 3070 (dominicam)

214 3109 285 3177 post
309 3096 509 3158 nativitatem
532 3116 557 3156 s.
574 3079 706 3156 loannis
728 3094 904 3168 absolvere,
921 3112 956 3154 ac
977 3093 1046 3154 Deo
1071 3093 1279 3174 imposterum
1305 3091 1482 3154 studiosius

214 3202 344 3278 servire,
367 3201 440 3262 ideo
471 3199 549 3262 lcria
580 3201 675 3263 tercia
708 3214 780 3281 post
813 3198 928 3260 festum
961 3197 1099 3260 Paschae
1132 3217 1169 3260 ex
1200 3218 1271 3260 arce
1304 3199 1480 3260 chasmensi

215 3308 348 3370 mandat
379 3308 530 3389 capitulo,
555 3321 589 3368 ut
620 3326 684 3368 non
713 3305 913 3368 obstantibus
945 3304 1107 3386 prioribus
1140 3304 1238 3385 ipsius
1263 3304 1386 3384 litteris,
1408 3323 1480 3386 pro·

215 3429 331 3476 ventus
355 3414 415 3496 ipsi
440 3414 503 3475 det.

322 3550 488 3606 lrlarcelovic'.
508 3551 633 3619 Regesne,
653 3558 680 3604 ut
700 3567 786 3618 supra.

840 3783 901 3849 74.

323 3926 397 3977 Anno
421 3925 495 3983 1510,
515 3925 557 3976 27.
574 3924 646 3977 maii.
666 3922 774 3975 Romae.

209 4056 319 4132 Julius
347 4053 389 4110 II.
406 4061 498 4128 papa,
524 4053 612 4126 legem
635 4051 665 4108 in
687 4052 837 4108 canonicas
859 4051 946 4108 charo
966 4051 1092 4108 absentes
1115 4047 1297 4108 constitutam
1319 4049 1479 4124 confirmat.

323 4193 426 4256 Julius
450 4192 629 4274 episcopus,
649 4209 757 4251 servus
781 4209 945 4251 servorum
971 4189 1033 4252 dei.
1059 4187 1108 4250 Ad
1133 4202 1320 4269 perpetuam
1345 4187 1388 4249 rei
1414 4207 1480 4250 me·

214 4301 364 4364 moriam.
404 4299 584 4360 iniunctum
624 4297 717 4358 nobis
755 4295 891 4377 desuper
925 4295 1100 4377 apostolice
1136 4293 1295 4356 servitutis
1327 4293 1480 4373 officium,

187 4421 358 4470 ·mentem
382 4418 523 4466 nostram
547 4404 662 4465 excitat
685 4416 715 4464 et
738 4403 871 4481 inducit,
891 4413 925 4464 ut
949 4403 1029 4464 circa
1048 4422 1094 4480 ea,
1110 4420 1167 4482 per
1185 4420 1247 4482 que
1264 4400 1480 4478 ecclesiarum,

215 4512 383 4597 presertim
416 4511 645 4573 cathedralium
673 4509 858 4590 insignium,
891 4510 985 4571 statui
1010 4527 1162 4591 prospero
1187 4521 1218 4570 et
1242 4505 1325 4569 felici
1350 4525 1386 4567 ac
1410 4525 1480 4587 per·

215 4639 368 4682 sonarum
392 4619 424 4680 in
449 4617 511 4678 illis
535 4617 652 4678 divinis
675 4615 838 4697 obsequiis
861 4616 1114 4696 mancipatarum
1138 4627 1169 4676 et
1190 4613 1369 4674 animarum
1386 4611 1479 4673 saluti

217 4749 289 4790 cum
306 4727 408 4788 divini
426 4725 529 4787 cultus
545 4736 718 4806 augmento
735 4722 922 4799 consulitur,
944 4721 1027 4782 curis
1044 4739 1206 4780 versemur
1221 4717 1373 4794 assiduis;
1394 4715 1479 4778 unde

217 4835 286 4914 hiis,
303 4853 367 4916 que
384 4843 552 4915 propterea
568 4827 701 4912 provide
718 4827 863 4890 ordinata
878 4825 975 4888 fuisse
992 4827 1150 4904 dicuntur,
1167 4837 1202 4885 ut
1217 4823 1307 4884 firma
1324 4836 1479 4906 perpetuo

219 4954 247 5002 et
270 4943 459 5002 inconcussa
483 4949 700 5019 permaneant,
721 4954 794 4996 cum
818 4955 835 4995 a
859 4933 954 4995 nobis
977 4932 1103 5014 petitur,
1120 4929 1287 5012 apostolici
1311 4928 1479 4990 adiicimus

219 5045 407 5110 muniminis
430 5043 621 5119 firmitatem,
639 5042 780 5122 aliasque
798 5040 933 5122 desuper
950 5037 1167 5121 providemus,
1185 5049 1279 5118 prout
1296 5035 1327 5096 in
1346 5034 1478 5095 domino
