3900 5804
416 510 477 572 312
834 490 953 549 Staneta
976 490 1273 550 Praebendariorurn.

419 597 731 606 ——-.-..—.-.-..—
895 596 965 602 --

414 728 569 794 teneatur,
594 716 765 798 ipsumque
788 729 853 778 tam
878 716 1070 778 salutaribus
1094 717 1234 795 monitis,
1270 736 1367 798 quam
1399 716 1494 778 etiam
1519 731 1680 799 tempora·

415 821 500 883 libus
522 821 672 883 subsidiis
689 821 729 882 de
750 823 914 884 communi
939 821 1205 885 confraternitatis
1221 837 1338 899 nostre,
1354 837 1510 904 quantum
1527 824 1680 905 possibile

416 939 472 1005 est,
498 927 524 988 si
548 926 697 1009 indigens
720 939 752 988 et
775 946 897 1010 pauper
920 926 1026 1008 fuerit,
1051 929 1244 1008 consoletur,
1271 941 1329 992 etc.

522 1123 571 1181 De
592 1124 708 1198 infirmo
723 1125 895 1200 presbitero,
919 1123 1078 1202 confratre.

519 1259 689 1341 Volumus,
719 1263 887 1324 statuimus
923 1276 953 1324 et
986 1263 1195 1344 annectimus,
1220 1263 1309 1345 quod
1333 1265 1358 1326 si
1382 1263 1499 1346 aliquis
1538 1283 1576 1325 ex
1606 1263 1682 1345 ipsis

416 1364 628 1428 confratribus
652 1369 767 1430 nostris
791 1369 872 1431 adeo
886 1368 1031 1430 infirmus
1044 1367 1149 1448 fuerit,
1163 1370 1251 1451 quod
1268 1370 1441 1432 commode
1465 1390 1569 1452 perse
1587 1370 1680 1433 horas

416 1491 489 1533 suas
513 1473 683 1534 canonicas
707 1475 855 1557 supplere
880 1494 945 1536 non
963 1475 1091 1556 poterit,
1105 1489 1221 1537 extunc
1239 1476 1305 1558 ipse
1323 1475 1462 1537 decanus
1485 1489 1592 1537 noster
1608 1495 1681 1558 pro-

416 1577 524 1640 videat
547 1579 587 1641 de
612 1599 674 1641 una
698 1599 834 1662 persona
859 1601 897 1642 ex
922 1579 1081 1660 iratribus,
1099 1583 1154 1663 qui
1172 1583 1258 1662 legat
1282 1601 1355 1644 cum
1376 1602 1415 1643 eo
1432 1583 1483 1642 vel
1507 1595 1579 1643 ante
1596 1601 1683 1644 eum.

418 1683 491 1758 Qus
503 1685 613 1746 omnia
626 1686 725 1770 ipsius
740 1686 852 1747 decani
864 1687 963 1748 nostri
978 1687 1191 1768 relinquimus
1203 1687 1357 1749 industrie
1370 1701 1401 1749 et
1415 1687 1610 1766 discretioni,
1623 1701 1683 1748 etc.

523 1881 562 1940 In
586 1883 716 1940 electrime
738 1885 808 1940 noni
835 1883 938 1942 decani
968 1891 1081 1943 statuta
1117 1885 1210 1962 ipsim
1243 1885 1494 1958 confraternitatis
1528 1885 1683 1942 annuatim

419 1985 566 2065 legenter.

523 2099 694 2179 Volumus,
716 2101 805 2182 quod
828 2101 887 2163 hee
911 2101 1054 2164 salubres
1077 2116 1184 2164 nostre
1215 2102 1434 2164 ordinationes
1469 2103 1685 2184 suprascripte

419 2203 452 2264 in
476 2204 587 2286 vigilia
610 2205 695 2268 beati
719 2207 889 2268 Laurencii
914 2208 1062 2286 martiris,
1088 2209 1234 2289 quolibet
1258 2229 1354 2287 anno,
1371 2209 1523 2270 omnibus
1546 2208 1685 2270 Preben-

420 2309 516 2372 dariis
537 2311 570 2372 in
594 2331 696 2373 unum
719 2314 929 2394 congregatis,
954 2334 972 2375 a
999 2315 1157 2396 principio
1189 2335 1291 2398 usque
1324 2313 1364 2376 ad
1399 2313 1497 2376 finem
1528 2314 1686 2395 legantur,

420 2429 578 2498 quatenus
601 2417 737 2499 quilibet
761 2419 916 2500 ipsorum,
940 2440 1034 2481 suum
1058 2420 1160 2482 sciens
1184 2419 1338 2498 officium,
1365 2421 1545 2502 promptius
1570 2419 1685 2500 invigi-

419 2523 484 2583 lare
508 2523 607 2605 possit
630 2523 748 2602 eidem,
761 2545 819 2586 nec
842 2545 875 2586 se
894 2525 1089 2606 ignoravisse
1114 2525 1228 2604 valeat,
1242 2526 1268 2587 si
1292 2525 1528 2607 negligenciam
1553 2525 1687 2587 commi·

420 2628 496 2690 serit
519 2627 660 2710 aliquam
686 2630 836 2711 allegare.

526 2807 589 2865 Pro
611 2815 775 2866 testamento
806 2811 926 2869 dominis
955 2812 1164 2870 Prebendariis
1194 2813 1288 2885 legato
1324 2813 1354 2868 in
1386 2811 1602 2885 peractionibus
1631 2793 1716 2866 ires·

420 2915 503 2973 misse
518 2923 579 2989 per
599 2915 706 2973 eosdem
729 2914 885 2975 decantari
904 2919 995 2994 solite,
1021 2918 1160 2992 quomodo
1182 2925 1212 2975 et
1232 2926 1380 2991 perquer
1403 2917 1461 2974 dici
1480 2917 1606 2975 debeant.

526 3050 622 3107 Anno
646 3046 770 3108 domini
795 3047 970 3110 millesimo
994 3047 1254 3130 quingentesimo
1271 3060 1397 3128 quarto,
1415 3044 1495 3107 feria
1512 3058 1598 3107 sexta
1616 3063 1688 3126 pro·

398 3151 507 3214 ¹nima
530 3163 602 3212 ante
627 3150 741 3214 festum
767 3153 858 3214 beate
885 3154 1084 3234 Margarethe
1113 3153 1246 3234 virginis
1270 3166 1300 3215 et
1323 3152 1472 3230 martiris,
1503 3151 1542 3212 ad
1573 3169 1689 3212 sonum

423 3276 577 3338 campane
600 3257 705 3336 solite,
736 3259 876 3320 universi
908 3259 1033 3322 dotnini
1065 3259 1272 3322 Prebendarii
1297 3258 1386 3320 chori
1418 3257 1550 3321 ecclesie
1581 3276 1689 3337 zagra·

422 3363 541 3424 biensis
562 3363 753 3444 generaliter
777 3366 973 3447 congregati,
990 3365 1072 3426 inter
1099 3379 1203 3426 cetera
1220 3365 1364 3446 ipsorum
1381 3365 1509 3444 negotia
1526 3361 1690 3424 tractanda

423 3468 632 3530 decreverunt
656 3481 687 3530 et
710 3470 904 3532 unanimiter
932 3470 1290 3548 determinaverunt,·ut
1306 3469 1476 3550 diligentia
1501 3469 1541 3530 ad
1566 3469 1689 3530 cultum

423 3572 569 3635 divinum
594 3593 633 3636 eo
672 3574 801 3636 uberius
833 3588 864 3636 et
897 3575 1044 3636 devotius
1073 3589 1238 3656 augeatur,
1274 3574 1362 3656 quod
1399 3575 1431 3636 in
1467 3575 1561 3635 missa
1598 3576 1689 3635 beate

424 3679 557 3760 virginis
574 3679 750 3761 Marie,pro
767 3682 964 3744 testamentis
981 3682 1239 3763 quibuscumque
1256 3701 1289 3742 se
1307 3682 1388 3742 ultra
1405 3681 1526 3742 scilicet
1543 3679 1688 3760 quinque

424 3784 564 3846 florenos
589 3785 844 3866 extendentibus,
869 3807 982 3848 omnes
1006 3786 1127 3865 fratres,
1152 3787 1184 3848 in
1208 3787 1440 3869 superpelliciis
1464 3805 1565 3866 usque
1590 3784 1688 3846 finem

426 3891 570 3967 Sanctus,
594 3905 775 3953 reverenter
799 3911 1000 3974 perseverare
1024 3907 1055 3956 et
1079 3912 1266 3976 permanere
1298 3892 1446 3970 debeant,
1470 3905 1501 3952 et
1524 3892 1582 3952 sub
1607 3910 1688 3972 pena

425 3997 457 4058 in
481 3996 650 4058 novilunio
686 4017 832 4079 expressa
867 4012 1044 4062 teneantur.
1080 3999 1187 4060 Finito
1221 4011 1328 4059 autem
1363 3998 1498 4059 Sanctus
1527 3997 1559 4057 in
1594 3995 1690 4057 missa

425 4104 516 4164 beate
540 4102 682 4183 virginis,
718 4101 828 4164 fratres
852 4103 911 4185 ipsi
948 4104 981 4165 in
1016 4104 1095 4166 duas
1130 4117 1234 4187 partes
1264 4103 1456 4179 dividantur,
1481 4123 1545 4164 una
1568 4103 1689 4164 scilicet

424 4227 508 4291 pars,
532 4207 599 4269 sive
623 4207 789 4288 medietas,
813 4229 849 4270 ac
873 4209 1067 4271 cantandum
1091 4210 1221 4271 missam
1245 4208 1441 4286 Benedicite,
1465 4208 1590 4289 reliqua
1614 4227 1689 4268 vero

426 4313 597 4395 Requiem.
623 4313 712 4388 Quas
736 4314 847 4376 missas
870 4316 1020 4376 videlicet
1042 4317 1133 4377 beate
1158 4315 1290 4396 virginis
1314 4329 1345 4375 et
1362 4314 1533 4396 Requiem,
1558 4315 1690 4396 quibus-

426 4439 565 4501 cumque
589 4419 740 4481 dominus
765 4420 904 4482 decanus
936 4421 1142 4500 commiserit,
1167 4420 1272 4481 dicere
1308 4433 1339 4482 et
1370 4433 1497 4482 cantare
1528 4419 1691 4481 debebunt

425 4545 508 4608 pena
539 4527 598 4587 sub
630 4526 793 4607 premissa.
828 4527 958 4587 Missam
993 4539 1101 4588 autem
1137 4525 1332 4606 Benedicite,
1364 4526 1447 4586 dicet
1482 4545 1579 4607 quem
1612 4525 1691 4587 ordo

428 4645 538 4712 tanget
561 4631 594 4692 in
618 4631 692 4692 stilo
708 4631 874 4694 ›Statuit‹
895 4635 1072 4708 Qur'canrque
1094 4643 1188 4692 autem
1212 4651 1249 4692 ex
1273 4629 1422 4693 fratribus
1446 4630 1528 4693 infra
1551 4631 1691 4693 triduum

427 4736 521 4798 adie
544 4735 732 4798 huiusmodi
755 4737 984 4798 testamentalia
1007 4737 1200 4819 peractionis
1223 4736 1353 4798 missam
1385 4757 1450 4798 non
1483 4737 1608 4816 dixerit,
1640 4750 1693 4798 aut

428 4842 534 4905 dicere
557 4862 623 4904 non
649 4841 768 4922 lecerit,
792 4855 929 4904 extunc
953 4863 1027 4904 mox
1052 4843 1203 4906 dominus
1227 4842 1367 4904 decanus
1390 4862 1450 4925 pro
1474 4843 1529 4904 tali
1562 4842 1691 4904 missam

428 4948 533 5011 dicere
562 4946 667 5029 faciat,
699 4962 730 5011 et
760 4949 858 5011 talem
889 4949 921 5010 in
953 4949 1078 5011 duabus
1110 4949 1404 5033 comparationibus
1436 4948 1693 5030 competentibus
