3732 5802
420 516 479 596 164
838 520 910 582 Doc.
935 533 1001 596 131.
1028 554 1067 563 -
1092 521 1262 596 An.1516.

416 623 467 629 .....
524 625 812 631 —..—--.—
1122 629 1142 634 .-
1149 629 1203 634 ..-
1222 628 1270 633 .-
1277 629 1286 632 -
1295 626 1677 637 ..————-—.—.-‚--

414 765 479 807 non
503 759 656 827 expectet,
680 766 739 808 nec
763 765 845 808 unus
868 765 927 828 pro
951 746 1016 808 alio
1039 766 1096 808 seu
1120 767 1177 829 per
1199 748 1299 810 alium
1323 770 1356 811 se
1380 763 1517 830 excuset,
1540 751 1682 834 prefatos

414 852 565 914 dominos
596 852 745 934 prelatos,
776 852 907 932 judices,
941 850 1105 932 officiales,
1136 854 1283 935 collegia,
1314 857 1463 938 capitula,
1495 871 1682 938 conventus,

415 959 557 1021 notarios
576 971 606 1020 et
629 958 820 1020 tabelliones
843 958 1001 1041 publicos,
1019 959 1162 1039 aliasque
1179 979 1331 1041 personas
1355 981 1563 1046 quascunque
1583 965 1683 1027 eccle-

414 1065 555 1127 siasticas
578 1079 609 1127 et
632 1065 792 1127 seculares
815 1077 911 1146 atque
936 1065 1009 1126 loco
1031 1084 1087 1146 per
1114 1065 1325 1128 exhibitorem
1358 1070 1559 1149 presencium
1590 1073 1683 1132 vobis

415 1172 625 1250 nominando,
648 1170 865 1233 nominandos
889 1184 921 1232 et
944 1170 1154 1248 nominanda,
1176 1173 1387 1253 personaliter
1422 1175 1590 1256 accedatis,
1615 1196 1683 1238 eos-

416 1296 478 1357 que
502 1291 533 1339 et
557 1296 609 1340 eas
644 1277 831 1340 auctoritate
866 1276 1041 1358 apostolica
1077 1277 1246 1358 requiratis
1281 1291 1312 1339 et
1344 1281 1502 1343 moneatis
1536 1282 1683 1344 similiter

413 1385 528 1466 primo,
552 1385 705 1462 secundo,
722 1385 821 1446 tercio
845 1397 876 1446 et
892 1384 1106 1466 peremptorie
1124 1403 1207 1465 quos
1223 1397 1254 1445 et
1272 1404 1351 1467 quas
1367 1406 1429 1460 nos
1447 1388 1548 1450 eciam
1571 1403 1682 1450 tenore

413 1491 615 1572 presencium
640 1510 812 1552 monemus
839 1503 871 1552 et
902 1489 1106 1570 requirimus,
1140 1489 1249 1570 eisque
1283 1503 1315 1552 et
1345 1511 1458 1555 eorum
1487 1494 1621 1556 cuilibet
1651 1495 1681 1555 in

414 1597 529 1659 virtute
552 1610 660 1659 sancte
684 1596 872 1659 obediencie
897 1609 929 1657 et
952 1597 1011 1657 sub
1036 1595 1157 1658 eisdem
1186 1594 1396 1679 infrascriptis
1419 1600 1511 1681 penis
1543 1600 1682 1662 districte

414 1703 625 1786 precipientes
649 1703 849 1782 mandamus,
874 1715 1032 1784 quatenus
1067 1700 1148 1762 infra
1173 1701 1347 1765 duodecim
1381 1704 1506 1767 dierum
1538 1707 1682 1788 spacium

414 1822 486 1890 post
508 1810 783 1892 presentacionem
806 1828 862 1870 seu
887 1807 1144 1870 notificacionem
1161 1809 1366 1890 presencium
1382 1830 1418 1871 ac
1435 1812 1681 1893 requisitionem

414 1929 533 1977 vestras
556 1915 741 1978 huiusmodi
766 1915 810 1976 eis
828 1913 925 1976 factas
941 1913 1126 1976 immediate
1143 1928 1328 1995 sequentes,
1346 1935 1486 1998 quorum
1510 1917 1681 1980 duodecim
1752 1909 1756 1916 ’

414 2021 551 2099 dierum,
568 2033 706 2103 quatuor
730 2039 788 2102 pro
812 2021 928 2102 primo,
946 2035 1084 2102 quatuor
1099 2038 1158 2102 pro
1175 2020 1317 2082 secundo
1336 2035 1367 2083 et
1386 2022 1529 2104 reliquos
1545 2036 1682 2105 quatuor

414 2127 482 2188 dies
506 2127 552 2188 eis
576 2141 743 2190 eteorum
778 2125 909 2188 cuilibet
943 2146 1001 2209 pro
1032 2126 1131 2188 tercio
1155 2139 1187 2188 et
1220 2129 1439 2210 peremptorio
1473 2131 1612 2191 termino
1647 2149 1683 2191 ac

414 2233 597 2295 monitione
622 2235 775 2296 canonica
800 2234 999 2316 assignamus
1022 2245 1053 2294 et
1076 2251 1133 2294 vos
1155 2233 1322 2314 assignetis
1349 2234 1484 2314 eisdem,
1519 2236 1630 2298 omnia
1653 2249 1683 2296 et

413 2341 540 2421 singula
571 2354 650 2420 acta,
690 2341 827 2420 actitata,
863 2325 980 2419 literas,
1015 2340 1195 2421 scripturas,
1229 2339 1455 2420 instrumenta,
1486 2341 1622 2424 juraque
1652 2355 1682 2404 et

413 2447 613 2508 munimenta
637 2465 830 2529 quecunque
854 2445 1006 2529 predicta,
1024 2465 1152 2508 causam
1169 2459 1200 2507 et
1215 2465 1326 2507 causas
1343 2447 1531 2510 huiusmodi
1549 2461 1681 2530 tangen-

412 2566 460 2613 tes
483 2565 514 2614 et
537 2554 705 2634 tangencia
730 2573 828 2635 penes
852 2572 907 2615 eoa
932 2553 1101 2614 existentes
1125 2565 1156 2613 et
1180 2552 1367 2614 exsistencia
1396 2553 1569 2634 originarie
1595 2555 1681 2616 etin

414 2677 526 2720 eorum
550 2657 661 2720 formis
692 2659 913 2740 originalibus,
945 2673 1136 2721 aureorum
1167 2659 1252 2719 notis
1282 2677 1339 2720 seu
1374 2659 1581 2721 manualibus
1615 2661 1680 2721 sive

414 2765 622 2847 protbocollis
645 2765 832 2829 huiusmodi
855 2767 888 2828 in
912 2766 1076 2848 publicam
1100 2763 1238 2826 formam
1262 2765 1405 2826 redactas
1429 2777 1461 2827 et
1477 2765 1605 2827 redacta
1629 2779 1682 2828 aut

413 2871 492 2933 alias
515 2873 574 2933 sub
597 2872 711 2952 sigillis
735 2873 902 2960 autenticis
925 2871 1080 2954 sigillatas
1103 2885 1134 2933 et
1157 2870 1296 2952 sigillata
1318 2889 1355 2932 ac
1371 2872 1429 2932 sub
1446 2872 1565 2933 talibus
1581 2872 1680 2934 modo

414 2989 445 3038 et
468 2975 582 3056 forma,
606 2978 695 3058 quod
720 2978 841 3040 eisdem
866 2978 898 3040 in
924 2978 1008 3040 dicta
1034 2978 1120 3040 curia
1145 2991 1176 3039 et
1201 2977 1277 3039 alibi
1304 2978 1337 3038 in
1361 2976 1481 3059 judicio
1513 2979 1565 3040 vel
1596 2991 1680 3040 extra

414 3082 528 3144 merito
552 3083 656 3145 valeat
680 3097 711 3145 et
734 3084 849 3146 debeat
871 3083 1016 3166 plenaria
1040 3082 1118 3144 fides
1142 3082 1298 3161 adhiberi,
1315 3082 1361 3144 nil
1389 3082 1551 3164 addendo,
1576 3085 1680 3146 minu·

413 3189 498 3250 endo
521 3189 573 3250 vel
608 3190 810 3251 immutando
835 3191 922 3272 quod
956 3188 1029 3252 facti
1062 3190 1281 3260 substanciam
1318 3188 1465 3251 immutet
1495 3201 1551 3250 aut
1582 3191 1681 3252 variet

414 3293 622 3373 intellectum,
646 3293 775 3376 prefatis
799 3295 940 3357 dominis
964 3295 1112 3356 Dionisio
1137 3307 1168 3356 et
1185 3294 1253 3355 eius
1265 3294 1330 3355 litis
1347 3294 1548 3355 consortibus
1565 3295 1680 3377 princi·

413 3399 540 3481 palibus
570 3413 625 3461 aut
661 3419 774 3462 eorum
797 3401 956 3482 legittimo
981 3401 1179 3482 procuratori
1202 3419 1258 3461 seu
1282 3400 1483 3481 presencium
1509 3401 1679 3463 exhibitori

413 3505 508 3566 nobis
531 3505 582 3566 vel
606 3505 697 3568 alteri
721 3505 828 3568 forsan
852 3507 925 3568 loco
948 3507 1049 3568 nostri
1072 3507 1105 3568 in
1130 3526 1224 3568 causa
1248 3505 1434 3566 huiusmodi
1460 3506 1589 3568 interim
1614 3527 1679 3568 sur-

414 3610 558 3692 rogando
582 3611 721 3672 auditori
745 3611 785 3673 ad
810 3612 946 3673 eandem
971 3613 1093 3673 curiam
1115 3611 1291 3694 legacionis
1324 3608 1532 3672 deferendam
1564 3627 1597 3674 et
1628 3613 1679 3673 de·

414 3716 544 3778 ferenda
577 3717 645 3778 sine
682 3715 870 3780 difficultate
907 3731 939 3779 et
979 3718 1237 3780 contradiccione
1275 3717 1534 3799 quibuscumque
1573 3737 1678 3781 coram

414 3824 507 3885 nobis
531 3823 657 3885 tradant
681 3824 780 3885 libere
805 3837 835 3886 et
870 3824 1033 3904 assignent
1057 3844 1093 3886 ac
1122 3823 1253 3902 extrahi,
1281 3823 1468 3884 transummi
1506 3836 1536 3887 et
1575 3844 1678 3886 exem-

413 3928 505 4009 plari,
530 3949 708 4012 eorumque
733 3930 848 4012 sigilla,
862 3931 953 4012 signa
978 3943 1009 3991 et
1033 3949 1146 3991 manus
1170 3929 1370 3992 notariorum
1395 3930 1581 4009 recognosci
1605 3929 1678 3992 faci·

414 4049 468 4095 ent
491 4048 522 4096 et
546 4049 726 4116 procurent,
746 4035 906 4098 satisfacto
922 4051 1031 4098 tamen
1048 4037 1196 4119 primitus
1213 4037 1259 4098 illi
1273 4035 1325 4097 vel
1338 4035 1412 4114 illis,
1428 4037 1478 4097 cui
1496 4036 1548 4098 vel
1564 4037 1678 4118 quibus

413 4139 584 4203 satisfactio
609 4140 705 4204 fuerit
727 4144 943 4226 impendenda
968 4144 1008 4206 de
1032 4163 1144 4205 eorum
1170 4143 1333 4205 laboribus
1357 4156 1388 4204 et
1411 4143 1527 4204 salario
1552 4148 1677 4225 compe·

413 4249 502 4309 tenti.
528 4248 561 4310 st
587 4268 663 4310 vero
688 4249 873 4312 huiusmodi
897 4250 966 4330 jura
990 4264 1022 4312 et
1044 4250 1245 4312 munimenta
1269 4268 1326 4331 per
1350 4268 1564 4330 quoscunque
1601 4249 1677 4310 deti·

413 4366 548 4414 neantur
586 4355 773 4416 abscondita
797 4367 828 4416 et
858 4375 924 4417 non
962 4356 1137 4434 tradantur,
1161 4376 1197 4417 uc
1229 4355 1339 4417 haberi
1375 4354 1515 4416 sciantur
1547 4367 1579 4416 et
1614 4374 1676 4416 non

413 4459 603 4539 revelentur,
628 4460 809 4522 detentores
833 4460 918 4541 ipsos
939 4461 979 4522 ad
1003 4461 1196 4523 tradendum
1214 4473 1245 4522 et
1261 4461 1395 4522 scientes
1412 4460 1452 4520 ad
1469 4460 1676 4522 revelandum

414 4564 599 4628 huiusmodi
623 4566 691 4648 jura
716 4579 746 4628 et
769 4567 970 4628 munimenta
994 4568 1184 4629 auctoritare
1209 4579 1316 4628 nostra
1341 4566 1442 4628 immo
1474 4567 1581 4628 verius
1604 4586 1677 4648 apo-

412 4670 523 4733 stolica
548 4671 668 4753 prefata
691 4692 748 4755 per
771 4693 938 4735 censuram
964 4674 1211 4735 ecelesiasticam
1248 4673 1470 4755 appellacione
1503 4673 1675 4756 postposita

413 4777 623 4857 compellatis.
649 4778 747 4852 Quod
772 4779 797 4840 si
823 4778 903 4841 forte
928 4780 1081 4861 premissa
1106 4780 1216 4842 omnia
1241 4793 1272 4842 et
1294 4779 1421 4860 singula
1445 4791 1543 4860 prout
1566 4779 1605 4840 ad
1623 4796 1675 4838 vos

414 4893 444 4940 et
469 4901 523 4941 eos
554 4903 589 4944 ac
621 4897 761 4944 vestrum
798 4898 828 4946 et
860 4904 971 4946 eorum
1005 4885 1183 4965 quemlibet
1219 4885 1434 4946 communiter
1457 4885 1508 4946 vel
1545 4884 1673 4945 devisim

414 4986 615 5066 pertinaciter
638 5009 703 5050 non
728 4990 990 5072 adimpleveritis,
1014 4990 1262 5074 adimpleverint
1285 4991 1351 5052 sive
1386 4989 1610 5072 adimpleverit
1641 5008 1673 5050 ac
