<?xml version="1.0" encoding="UTF-8"?>
<!DOCTYPE html PUBLIC "-//W3C//DTD XHTML 1.0 Transitional//EN"
    "http://www.w3.org/TR/xhtml1/DTD/xhtml1-transitional.dtd">
<html xmlns="http://www.w3.org/1999/xhtml" xml:lang="en" lang="en">
 <head>
  <title>
</title>
<meta http-equiv="Content-Type" content="text/html;charset=utf-8" />
  <meta name='ocr-system' content='tesseract 3.04.00' />
  <meta name='ocr-capabilities' content='ocr_page ocr_carea ocr_par ocr_line ocrx_word'/>
</head>
<body>
  <div class='ocr_page' id='page_1' title='image "./monumentahistor16laszgoog_0350.png"; bbox 0 0 3808 5792; ppageno 0'>
   <div class='ocr_carea' id='block_1_1' title="bbox 407 539 1252 620">
    <p class='ocr_par' dir='ltr' id='par_1_1' title="bbox 407 539 1252 620">
     <span class='ocr_line' id='line_1_1' title="bbox 407 539 1252 620; baseline 0 -18"><span class='ocrx_word' id='word_1_1' title='bbox 407 559 470 620; x_wconf 81' lang='lat'>214</span> <span class='ocrx_word' id='word_1_2' title='bbox 825 543 900 604; x_wconf 86' lang='lat' dir='ltr'>Doc.</span> <span class='ocrx_word' id='word_1_3' title='bbox 923 539 996 618; x_wconf 80' lang='lat'>169.</span> <span class='ocrx_word' id='word_1_4' title='bbox 1023 575 1060 588; x_wconf 92' lang='lat'><em>-</em></span> <span class='ocrx_word' id='word_1_5' title='bbox 1084 543 1141 605; x_wconf 80' lang='lat' dir='ltr'>An.</span> <span class='ocrx_word' id='word_1_6' title='bbox 1164 554 1252 619; x_wconf 78' lang='lat'>1521.</span> 
     </span>
    </p>
   </div>
   <div class='ocr_carea' id='block_1_2' title="bbox 407 768 1673 959">
    <p class='ocr_par' dir='ltr' id='par_1_2' title="bbox 407 768 1673 959">
     <span class='ocr_line' id='line_1_2' title="bbox 409 768 1673 853; baseline 0.004 -24"><span class='ocrx_word' id='word_1_7' title='bbox 409 769 518 830; x_wconf 87' lang='lat' dir='ltr'>venire</span> <span class='ocrx_word' id='word_1_8' title='bbox 550 782 730 848; x_wconf 85' lang='lat' dir='ltr'>rennueret,</span> <span class='ocrx_word' id='word_1_9' title='bbox 754 789 830 831; x_wconf 90' lang='lat' dir='ltr'>mox</span> <span class='ocrx_word' id='word_1_10' title='bbox 861 789 878 830; x_wconf 89' lang='lat' dir='ltr'>a</span> <span class='ocrx_word' id='word_1_11' title='bbox 910 768 1169 832; x_wconf 80' lang='lat' dir='ltr'>confraternitate</span> <span class='ocrx_word' id='word_1_12' title='bbox 1200 785 1232 832; x_wconf 87' lang='lat' dir='ltr'>et</span> <span class='ocrx_word' id='word_1_13' title='bbox 1259 771 1421 834; x_wconf 92' lang='lat' dir='ltr'>consortio</span> <span class='ocrx_word' id='word_1_14' title='bbox 1450 773 1673 853; x_wconf 89' lang='lat' dir='ltr'>magistrorum</span> 
     </span>
     <span class='ocr_line' id='line_1_3' title="bbox 407 874 1672 959; baseline 0.003 -24"><span class='ocrx_word' id='word_1_15' title='bbox 407 874 554 936; x_wconf 88' lang='lat' dir='ltr'>exclusus</span> <span class='ocrx_word' id='word_1_16' title='bbox 586 874 741 937; x_wconf 89' lang='lat' dir='ltr'>habeatur</span> <span class='ocrx_word' id='word_1_17' title='bbox 764 875 899 954; x_wconf 90' lang='lat' dir='ltr'>tamdiu,</span> <span class='ocrx_word' id='word_1_18' title='bbox 932 876 1036 937; x_wconf 87' lang='lat' dir='ltr'>donec</span> <span class='ocrx_word' id='word_1_19' title='bbox 1068 875 1155 937; x_wconf 89' lang='lat' dir='ltr'>idem</span> <span class='ocrx_word' id='word_1_20' title='bbox 1189 895 1222 937; x_wconf 92' lang='lat' dir='ltr'>se</span> <span class='ocrx_word' id='word_1_21' title='bbox 1257 876 1414 938; x_wconf 87' lang='lat' dir='ltr'>voluntati</span> <span class='ocrx_word' id='word_1_22' title='bbox 1449 879 1672 959; x_wconf 88' lang='lat' dir='ltr'>magistrorum</span> 
     </span>
    </p>
   </div>
   <div class='ocr_carea' id='block_1_3' title="bbox 407 977 1670 1168">
    <p class='ocr_par' dir='ltr' id='par_1_3' title="bbox 407 977 1670 1168">
     <span class='ocr_line' id='line_1_4' title="bbox 407 977 1670 1064; baseline 0.005 -25"><span class='ocrx_word' id='word_1_23' title='bbox 407 977 551 1042; x_wconf 85' lang='lat' dir='ltr'>effective</span> <span class='ocrx_word' id='word_1_24' title='bbox 575 979 777 1043; x_wconf 87' lang='lat' dir='ltr'>conformare</span> <span class='ocrx_word' id='word_1_25' title='bbox 800 981 936 1060; x_wconf 77' lang='lat' dir='ltr'>studeat,</span> <span class='ocrx_word' id='word_1_26' title='bbox 953 995 984 1043; x_wconf 90' lang='lat' dir='ltr'>et</span> <span class='ocrx_word' id='word_1_27' title='bbox 999 1001 1057 1064; x_wconf 92' lang='lat' dir='ltr'>pro</span> <span class='ocrx_word' id='word_1_28' title='bbox 1074 980 1237 1044; x_wconf 89' lang='lat' dir='ltr'>talisrnodi</span> <span class='ocrx_word' id='word_1_29' title='bbox 1255 982 1320 1044; x_wconf 90' lang='lat' dir='ltr'>suis</span> <span class='ocrx_word' id='word_1_30' title='bbox 1337 983 1516 1045; x_wconf 83' lang='lat' dir='ltr'>excessibus</span> <span class='ocrx_word' id='word_1_31' title='bbox 1533 983 1670 1045; x_wconf 86' lang='lat' dir='ltr'>debitam</span> 
     </span>
     <span class='ocr_line' id='line_1_5' title="bbox 407 1085 850 1168; baseline 0.005 -21"><span class='ocrx_word' id='word_1_32' title='bbox 407 1104 649 1168; x_wconf 86' lang='lat' dir='ltr'>recompensam</span> <span class='ocrx_word' id='word_1_33' title='bbox 674 1085 850 1168; x_wconf 88' lang='lat' dir='ltr'>impendat.</span> 
     </span>
    </p>
   </div>
   <div class='ocr_carea' id='block_1_4' title="bbox 408 1208 1679 1926">
    <p class='ocr_par' dir='ltr' id='par_1_4' title="bbox 408 1208 1679 1926">
     <span class='ocr_line' id='line_1_6' title="bbox 514 1208 1672 1294; baseline 0.002 -22"><span class='ocrx_word' id='word_1_34' title='bbox 514 1208 714 1272; x_wconf 87' lang='lat' dir='ltr'>Undecimus</span> <span class='ocrx_word' id='word_1_35' title='bbox 749 1209 911 1272; x_wconf 84' lang='lat' dir='ltr'>articulus.</span> <span class='ocrx_word' id='word_1_36' title='bbox 947 1210 1046 1284; x_wconf 93' lang='lat' dir='ltr'>Quod</span> <span class='ocrx_word' id='word_1_37' title='bbox 1082 1211 1158 1294; x_wconf 89' lang='lat' dir='ltr'>ipsis</span> <span class='ocrx_word' id='word_1_38' title='bbox 1190 1212 1350 1293; x_wconf 84' lang='lat' dir='ltr'>magistris</span> <span class='ocrx_word' id='word_1_39' title='bbox 1382 1213 1415 1274; x_wconf 92' lang='lat' dir='ltr'>in</span> <span class='ocrx_word' id='word_1_40' title='bbox 1448 1212 1544 1294; x_wconf 90' lang='lat' dir='ltr'>plena</span> <span class='ocrx_word' id='word_1_41' title='bbox 1578 1211 1672 1274; x_wconf 87' lang='lat' dir='ltr'>czeba</span> 
     </span>
     <span class='ocr_line' id='line_1_7' title="bbox 408 1315 1673 1400; baseline 0.002 -24"><span class='ocrx_word' id='word_1_42' title='bbox 408 1315 504 1377; x_wconf 88' lang='lat' dir='ltr'>simul</span> <span class='ocrx_word' id='word_1_43' title='bbox 529 1317 730 1397; x_wconf 88' lang='lat' dir='ltr'>congregatis</span> <span class='ocrx_word' id='word_1_44' title='bbox 754 1329 785 1378; x_wconf 87' lang='lat' dir='ltr'>et</span> <span class='ocrx_word' id='word_1_45' title='bbox 808 1315 998 1396; x_wconf 90' lang='lat' dir='ltr'>constitutis,</span> <span class='ocrx_word' id='word_1_46' title='bbox 1021 1317 1099 1378; x_wconf 88' lang='lat' dir='ltr'>dum</span> <span class='ocrx_word' id='word_1_47' title='bbox 1124 1316 1240 1398; x_wconf 90' lang='lat' dir='ltr'>aliquis</span> <span class='ocrx_word' id='word_1_48' title='bbox 1265 1337 1302 1379; x_wconf 91' lang='lat' dir='ltr'>ex</span> <span class='ocrx_word' id='word_1_49' title='bbox 1320 1317 1397 1400; x_wconf 91' lang='lat' dir='ltr'>ipsis</span> <span class='ocrx_word' id='word_1_50' title='bbox 1413 1331 1523 1379; x_wconf 91' lang='lat' dir='ltr'>contra</span> <span class='ocrx_word' id='word_1_51' title='bbox 1540 1318 1673 1380; x_wconf 89' lang='lat' dir='ltr'>alterum</span> 
     </span>
     <span class='ocr_line' id='line_1_8' title="bbox 409 1420 1675 1505; baseline 0 -22"><span class='ocrx_word' id='word_1_52' title='bbox 409 1420 595 1502; x_wconf 87' lang='lat' dir='ltr'>magistrum</span> <span class='ocrx_word' id='word_1_53' title='bbox 621 1423 717 1484; x_wconf 83' lang='lat' dir='ltr'>verba</span> <span class='ocrx_word' id='word_1_54' title='bbox 749 1422 982 1485; x_wconf 90' lang='lat' dir='ltr'>contumeliosa</span> <span class='ocrx_word' id='word_1_55' title='bbox 1017 1422 1083 1483; x_wconf 90' lang='lat' dir='ltr'>sive</span> <span class='ocrx_word' id='word_1_56' title='bbox 1115 1421 1375 1486; x_wconf 87' lang='lat' dir='ltr'>dehonestatoria</span> <span class='ocrx_word' id='word_1_57' title='bbox 1405 1421 1548 1505; x_wconf 87' lang='lat' dir='ltr'>prolerre</span> <span class='ocrx_word' id='word_1_58' title='bbox 1581 1443 1675 1484; x_wconf 90' lang='lat' dir='ltr'>ausus</span> 
     </span>
     <span class='ocr_line' id='line_1_9' title="bbox 410 1526 1673 1612; baseline 0.002 -24"><span class='ocrx_word' id='word_1_59' title='bbox 410 1526 515 1606; x_wconf 82' lang='lat' dir='ltr'>fuerit,</span> <span class='ocrx_word' id='word_1_60' title='bbox 538 1527 611 1588; x_wconf 91' lang='lat' dir='ltr'>talis</span> <span class='ocrx_word' id='word_1_61' title='bbox 646 1541 761 1609; x_wconf 89' lang='lat' dir='ltr'>quator</span> <span class='ocrx_word' id='word_1_62' title='bbox 796 1547 918 1590; x_wconf 90' lang='lat' dir='ltr'>marcas</span> <span class='ocrx_word' id='word_1_63' title='bbox 953 1548 1023 1591; x_wconf 89' lang='lat' dir='ltr'>cere</span> <span class='ocrx_word' id='word_1_64' title='bbox 1058 1529 1218 1612; x_wconf 84' lang='lat' dir='ltr'>persolvat</span> <span class='ocrx_word' id='word_1_65' title='bbox 1248 1529 1381 1608; x_wconf 90' lang='lat' dir='ltr'>tociens,</span> <span class='ocrx_word' id='word_1_66' title='bbox 1414 1530 1569 1611; x_wconf 90' lang='lat' dir='ltr'>quociens</span> <span class='ocrx_word' id='word_1_67' title='bbox 1600 1529 1673 1591; x_wconf 89' lang='lat' dir='ltr'>talis</span> 
     </span>
     <span class='ocr_line' id='line_1_10' title="bbox 410 1631 1675 1717; baseline 0.002 -24"><span class='ocrx_word' id='word_1_68' title='bbox 410 1631 506 1694; x_wconf 89' lang='lat' dir='ltr'>verba</span> <span class='ocrx_word' id='word_1_69' title='bbox 544 1631 711 1694; x_wconf 88' lang='lat' dir='ltr'>inhonesta</span> <span class='ocrx_word' id='word_1_70' title='bbox 732 1633 939 1712; x_wconf 87' lang='lat' dir='ltr'>reiteraverit,</span> <span class='ocrx_word' id='word_1_71' title='bbox 963 1634 1116 1716; x_wconf 90' lang='lat' dir='ltr'>premissa</span> <span class='ocrx_word' id='word_1_72' title='bbox 1140 1654 1223 1716; x_wconf 85' lang='lat' dir='ltr'>pens</span> <span class='ocrx_word' id='word_1_73' title='bbox 1254 1635 1314 1696; x_wconf 93' lang='lat' dir='ltr'>sibi</span> <span class='ocrx_word' id='word_1_74' title='bbox 1346 1653 1471 1717; x_wconf 87' lang='lat' dir='ltr'>semper</span> <span class='ocrx_word' id='word_1_75' title='bbox 1505 1633 1675 1716; x_wconf 90' lang='lat' dir='ltr'>infligatur,</span> 
     </span>
     <span class='ocr_line' id='line_1_11' title="bbox 411 1738 1679 1821; baseline 0.001 -22"><span class='ocrx_word' id='word_1_76' title='bbox 411 1751 442 1799; x_wconf 88' lang='lat' dir='ltr'>et</span> <span class='ocrx_word' id='word_1_77' title='bbox 465 1738 519 1800; x_wconf 93' lang='lat' dir='ltr'>ille</span> <span class='ocrx_word' id='word_1_78' title='bbox 556 1738 652 1800; x_wconf 85' lang='lat' dir='ltr'>talem</span> <span class='ocrx_word' id='word_1_79' title='bbox 684 1758 801 1821; x_wconf 87' lang='lat' dir='ltr'>penam</span> <span class='ocrx_word' id='word_1_80' title='bbox 836 1759 911 1801; x_wconf 93' lang='lat' dir='ltr'>mox</span> <span class='ocrx_word' id='word_1_81' title='bbox 944 1740 1011 1801; x_wconf 89' lang='lat' dir='ltr'>sine</span> <span class='ocrx_word' id='word_1_82' title='bbox 1044 1759 1153 1802; x_wconf 87' lang='lat' dir='ltr'>recusa</span> <span class='ocrx_word' id='word_1_83' title='bbox 1188 1740 1221 1801; x_wconf 91' lang='lat' dir='ltr'>in</span> <span class='ocrx_word' id='word_1_84' title='bbox 1246 1753 1418 1821; x_wconf 90' lang='lat' dir='ltr'>conspectu</span> <span class='ocrx_word' id='word_1_85' title='bbox 1453 1739 1679 1821; x_wconf 84' lang='lat' dir='ltr'>magistrorum</span> 
     </span>
     <span class='ocr_line' id='line_1_12' title="bbox 412 1843 1000 1926; baseline 0.003 -21"><span class='ocrx_word' id='word_1_86' title='bbox 412 1843 596 1926; x_wconf 80' lang='lat' dir='ltr'>persolvere</span> <span class='ocrx_word' id='word_1_87' title='bbox 621 1844 752 1906; x_wconf 88' lang='lat' dir='ltr'>debebit</span> <span class='ocrx_word' id='word_1_88' title='bbox 776 1859 806 1907; x_wconf 93' lang='lat' dir='ltr'>et</span> <span class='ocrx_word' id='word_1_89' title='bbox 829 1845 1000 1908; x_wconf 89' lang='lat' dir='ltr'>tenebitur.</span> 
     </span>
    </p>
   </div>
   <div class='ocr_carea' id='block_1_5' title="bbox 376 1967 1682 2772">
    <p class='ocr_par' dir='ltr' id='par_1_5' title="bbox 376 1967 1682 2772">
     <span class='ocr_line' id='line_1_13' title="bbox 517 1967 1678 2050; baseline 0 -22"><span class='ocrx_word' id='word_1_90' title='bbox 517 1967 736 2030; x_wconf 87' lang='lat' dir='ltr'>Duodecimus</span> <span class='ocrx_word' id='word_1_91' title='bbox 759 1968 921 2030; x_wconf 88' lang='lat' dir='ltr'>articulus.</span> <span class='ocrx_word' id='word_1_92' title='bbox 959 1969 1057 2042; x_wconf 94' lang='lat' dir='ltr'>Quod</span> <span class='ocrx_word' id='word_1_93' title='bbox 1081 1988 1154 2030; x_wconf 90' lang='lat' dir='ltr'>cum</span> <span class='ocrx_word' id='word_1_94' title='bbox 1179 1969 1322 2049; x_wconf 81' lang='lat' dir='ltr'>magistri</span> <span class='ocrx_word' id='word_1_95' title='bbox 1348 1968 1518 2030; x_wconf 89' lang='lat' dir='ltr'>czebarum</span> <span class='ocrx_word' id='word_1_96' title='bbox 1542 1988 1600 2050; x_wconf 92' lang='lat' dir='ltr'>per</span> <span class='ocrx_word' id='word_1_97' title='bbox 1619 1968 1678 2029; x_wconf 93' lang='lat' dir='ltr'>do-</span> 
     </span>
     <span class='ocr_line' id='line_1_14' title="bbox 412 2071 1679 2157; baseline 0 -23"><span class='ocrx_word' id='word_1_98' title='bbox 412 2073 537 2134; x_wconf 89' lang='lat' dir='ltr'>imnum</span> <span class='ocrx_word' id='word_1_99' title='bbox 560 2071 701 2154; x_wconf 87' lang='lat' dir='ltr'>judicem</span> <span class='ocrx_word' id='word_1_100' title='bbox 718 2087 749 2135; x_wconf 89' lang='lat' dir='ltr'>et</span> <span class='ocrx_word' id='word_1_101' title='bbox 765 2074 969 2136; x_wconf 87' lang='lat' dir='ltr'>consulatum</span> <span class='ocrx_word' id='word_1_102' title='bbox 984 2089 1114 2157; x_wconf 91' lang='lat' dir='ltr'>propter</span> <span class='ocrx_word' id='word_1_103' title='bbox 1126 2075 1261 2156; x_wconf 88' lang='lat' dir='ltr'>negocia</span> <span class='ocrx_word' id='word_1_104' title='bbox 1275 2075 1435 2136; x_wconf 90' lang='lat' dir='ltr'>civitatem</span> <span class='ocrx_word' id='word_1_105' title='bbox 1453 2073 1679 2136; x_wconf 89' lang='lat' dir='ltr'>concernentia</span> 
     </span>
     <span class='ocr_line' id='line_1_15' title="bbox 413 2178 1679 2261; baseline 0.001 -22"><span class='ocrx_word' id='word_1_106' title='bbox 413 2178 515 2241; x_wconf 88' lang='lat' dir='ltr'>vocati</span> <span class='ocrx_word' id='word_1_107' title='bbox 541 2178 658 2240; x_wconf 86' lang='lat' dir='ltr'>luerint</span> <span class='ocrx_word' id='word_1_108' title='bbox 691 2191 725 2240; x_wconf 95' lang='lat' dir='ltr'>ut</span> <span class='ocrx_word' id='word_1_109' title='bbox 749 2179 988 2242; x_wconf 90' lang='lat' dir='ltr'>universitatem</span> <span class='ocrx_word' id='word_1_110' title='bbox 1013 2180 1240 2261; x_wconf 90' lang='lat' dir='ltr'>magistrorum</span> <span class='ocrx_word' id='word_1_111' title='bbox 1265 2179 1396 2242; x_wconf 89' lang='lat' dir='ltr'>insimul</span> <span class='ocrx_word' id='word_1_112' title='bbox 1432 2179 1600 2242; x_wconf 82' lang='lat' dir='ltr'>convocari</span> <span class='ocrx_word' id='word_1_113' title='bbox 1632 2179 1679 2240; x_wconf 86' lang='lat' dir='ltr'>fa-</span> 
     </span>
     <span class='ocr_line' id='line_1_16' title="bbox 413 2285 1680 2369; baseline 0 -23"><span class='ocrx_word' id='word_1_114' title='bbox 413 2297 530 2364; x_wconf 89' lang='lat' dir='ltr'>cerent,</span> <span class='ocrx_word' id='word_1_115' title='bbox 555 2285 614 2367; x_wconf 93' lang='lat' dir='ltr'>ipsi</span> <span class='ocrx_word' id='word_1_116' title='bbox 639 2305 769 2367; x_wconf 90' lang='lat' dir='ltr'>quoque</span> <span class='ocrx_word' id='word_1_117' title='bbox 787 2287 929 2368; x_wconf 84' lang='lat' dir='ltr'>magistri</span> <span class='ocrx_word' id='word_1_118' title='bbox 947 2285 1117 2348; x_wconf 90' lang='lat' dir='ltr'>czebarum</span> <span class='ocrx_word' id='word_1_119' title='bbox 1140 2287 1422 2350; x_wconf 84' lang='lat' dir='ltr'>commissionibus</span> <span class='ocrx_word' id='word_1_120' title='bbox 1438 2287 1539 2369; x_wconf 91' lang='lat' dir='ltr'>ipsius</span> <span class='ocrx_word' id='word_1_121' title='bbox 1556 2285 1680 2347; x_wconf 87' lang='lat' dir='ltr'>domini</span> 
     </span>
     <span class='ocr_line' id='line_1_17' title="bbox 413 2389 1680 2474; baseline 0 -22"><span class='ocrx_word' id='word_1_122' title='bbox 413 2389 528 2472; x_wconf 88' lang='lat' dir='ltr'>judicis</span> <span class='ocrx_word' id='word_1_123' title='bbox 550 2390 704 2473; x_wconf 88' lang='lat' dir='ltr'>parendo,</span> <span class='ocrx_word' id='word_1_124' title='bbox 729 2411 856 2454; x_wconf 88' lang='lat' dir='ltr'>causam</span> <span class='ocrx_word' id='word_1_125' title='bbox 882 2391 1017 2455; x_wconf 89' lang='lat' dir='ltr'>eandem</span> <span class='ocrx_word' id='word_1_126' title='bbox 1043 2392 1203 2474; x_wconf 90' lang='lat' dir='ltr'>magistris</span> <span class='ocrx_word' id='word_1_127' title='bbox 1227 2412 1285 2454; x_wconf 90' lang='lat' dir='ltr'>suo</span> <span class='ocrx_word' id='word_1_128' title='bbox 1309 2392 1410 2454; x_wconf 92' lang='lat' dir='ltr'>modo</span> <span class='ocrx_word' id='word_1_129' title='bbox 1425 2391 1680 2468; x_wconf 85' lang='lat' dir='ltr'>notificaverint;</span> 
     </span>
     <span class='ocr_line' id='line_1_18' title="bbox 376 2491 1682 2580; baseline 0.001 -23"><span class='ocrx_word' id='word_1_130' title='bbox 376 2491 380 2500; x_wconf 88' lang='grc'><strong>’</strong></span> <span class='ocrx_word' id='word_1_131' title='bbox 414 2496 612 2578; x_wconf 90' lang='lat' dir='ltr'>quicumque</span> <span class='ocrx_word' id='word_1_132' title='bbox 637 2517 676 2558; x_wconf 88' lang='lat' dir='ltr'>ex</span> <span class='ocrx_word' id='word_1_133' title='bbox 698 2497 820 2560; x_wconf 89' lang='lat' dir='ltr'>eisdem</span> <span class='ocrx_word' id='word_1_134' title='bbox 844 2498 1003 2580; x_wconf 88' lang='lat' dir='ltr'>magistris</span> <span class='ocrx_word' id='word_1_135' title='bbox 1027 2497 1225 2580; x_wconf 88' lang='lat' dir='ltr'>jussionibus</span> <span class='ocrx_word' id='word_1_136' title='bbox 1249 2498 1474 2579; x_wconf 88' lang='lat' dir='ltr'>magistrorum</span> <span class='ocrx_word' id='word_1_137' title='bbox 1502 2497 1598 2559; x_wconf 90' lang='lat' dir='ltr'>czehe</span> <span class='ocrx_word' id='word_1_138' title='bbox 1614 2516 1682 2558; x_wconf 91' lang='lat' dir='ltr'>non</span> 
     </span>
     <span class='ocr_line' id='line_1_19' title="bbox 414 2601 1681 2686; baseline 0 -22"><span class='ocrx_word' id='word_1_139' title='bbox 414 2605 649 2685; x_wconf 88' lang='lat' dir='ltr'>obtemperaret</span> <span class='ocrx_word' id='word_1_140' title='bbox 672 2623 705 2664; x_wconf 89' lang='lat' dir='ltr'>se</span> <span class='ocrx_word' id='word_1_141' title='bbox 729 2603 939 2682; x_wconf 88' lang='lat' dir='ltr'>absentando,</span> <span class='ocrx_word' id='word_1_142' title='bbox 956 2605 1028 2665; x_wconf 88' lang='lat' dir='ltr'>talis</span> <span class='ocrx_word' id='word_1_143' title='bbox 1052 2605 1085 2666; x_wconf 94' lang='lat' dir='ltr'>in</span> <span class='ocrx_word' id='word_1_144' title='bbox 1110 2623 1175 2666; x_wconf 94' lang='lat' dir='ltr'>uno</span> <span class='ocrx_word' id='word_1_145' title='bbox 1193 2603 1316 2667; x_wconf 88' lang='lat' dir='ltr'>floreno</span> <span class='ocrx_word' id='word_1_146' title='bbox 1338 2604 1378 2665; x_wconf 91' lang='lat' dir='ltr'>ad</span> <span class='ocrx_word' id='word_1_147' title='bbox 1395 2601 1555 2686; x_wconf 86' lang='lat' dir='ltr'>prelatum</span> <span class='ocrx_word' id='word_1_148' title='bbox 1582 2603 1681 2664; x_wconf 83' lang='lat' dir='ltr'>altare</span> 
     </span>
     <span class='ocr_line' id='line_1_20' title="bbox 415 2708 1101 2772; baseline 0.004 -3"><span class='ocrx_word' id='word_1_149' title='bbox 415 2708 668 2770; x_wconf 87' lang='lat' dir='ltr'>convertendum</span> <span class='ocrx_word' id='word_1_150' title='bbox 692 2709 857 2771; x_wconf 92' lang='lat' dir='ltr'>convictus</span> <span class='ocrx_word' id='word_1_151' title='bbox 880 2709 920 2771; x_wconf 94' lang='lat' dir='ltr'>sit</span> <span class='ocrx_word' id='word_1_152' title='bbox 943 2728 982 2771; x_wconf 92' lang='lat' dir='ltr'>eo</span> <span class='ocrx_word' id='word_1_153' title='bbox 1007 2708 1101 2772; x_wconf 81' lang='lat' dir='ltr'>iacto.</span> 
     </span>
    </p>
   </div>
   <div class='ocr_carea' id='block_1_6' title="bbox 415 2832 1687 3662">
    <p class='ocr_par' dir='ltr' id='par_1_6' title="bbox 415 2832 1687 3662">
     <span class='ocr_line' id='line_1_21' title="bbox 521 2832 1684 2915; baseline -0.001 -22"><span class='ocrx_word' id='word_1_154' title='bbox 521 2832 734 2894; x_wconf 88' lang='lat' dir='ltr'>Tredecimus</span> <span class='ocrx_word' id='word_1_155' title='bbox 757 2833 919 2895; x_wconf 82' lang='lat' dir='ltr'>articulus.</span> <span class='ocrx_word' id='word_1_156' title='bbox 945 2833 1044 2907; x_wconf 90' lang='lat' dir='ltr'>Quod</span> <span class='ocrx_word' id='word_1_157' title='bbox 1068 2847 1198 2895; x_wconf 92' lang='lat' dir='ltr'>mortuo</span> <span class='ocrx_word' id='word_1_158' title='bbox 1222 2833 1333 2914; x_wconf 92' lang='lat' dir='ltr'>aliquo</span> <span class='ocrx_word' id='word_1_159' title='bbox 1357 2833 1511 2915; x_wconf 88' lang='lat' dir='ltr'>magistro</span> <span class='ocrx_word' id='word_1_160' title='bbox 1535 2833 1585 2893; x_wconf 89' lang='lat' dir='ltr'>vel</span> <span class='ocrx_word' id='word_1_161' title='bbox 1605 2851 1684 2893; x_wconf 91' lang='lat' dir='ltr'>con·</span> 
     </span>
     <span class='ocr_line' id='line_1_22' title="bbox 415 2937 1683 3020; baseline -0.001 -20"><span class='ocrx_word' id='word_1_162' title='bbox 415 2953 499 3000; x_wconf 85' lang='lat' dir='ltr'>sorte</span> <span class='ocrx_word' id='word_1_163' title='bbox 523 2939 634 3020; x_wconf 90' lang='lat' dir='ltr'>ipsius,</span> <span class='ocrx_word' id='word_1_164' title='bbox 657 2939 802 3020; x_wconf 89' lang='lat' dir='ltr'>singulus</span> <span class='ocrx_word' id='word_1_165' title='bbox 826 2940 1053 3020; x_wconf 90' lang='lat' dir='ltr'>magistrorum</span> <span class='ocrx_word' id='word_1_166' title='bbox 1078 2959 1151 3000; x_wconf 88' lang='lat' dir='ltr'>cum</span> <span class='ocrx_word' id='word_1_167' title='bbox 1176 2959 1233 3001; x_wconf 90' lang='lat' dir='ltr'>sua</span> <span class='ocrx_word' id='word_1_168' title='bbox 1257 2951 1404 3000; x_wconf 91' lang='lat' dir='ltr'>consorte</span> <span class='ocrx_word' id='word_1_169' title='bbox 1421 2958 1457 3000; x_wconf 91' lang='lat' dir='ltr'>ac</span> <span class='ocrx_word' id='word_1_170' title='bbox 1473 2958 1587 3000; x_wconf 92' lang='lat' dir='ltr'>omnes</span> <span class='ocrx_word' id='word_1_171' title='bbox 1602 2937 1683 2999; x_wconf 90' lang='lat' dir='ltr'>socii</span> 
     </span>
     <span class='ocr_line' id='line_1_23' title="bbox 416 3041 1685 3128; baseline -0.001 -22"><span class='ocrx_word' id='word_1_172' title='bbox 416 3045 456 3107; x_wconf 89' lang='lat' dir='ltr'>ad</span> <span class='ocrx_word' id='word_1_173' title='bbox 481 3045 703 3128; x_wconf 90' lang='lat' dir='ltr'>sepeliendum</span> <span class='ocrx_word' id='word_1_174' title='bbox 727 3045 791 3107; x_wconf 90' lang='lat' dir='ltr'>tale</span> <span class='ocrx_word' id='word_1_175' title='bbox 815 3043 911 3107; x_wconf 85' lang='lat' dir='ltr'>funus</span> <span class='ocrx_word' id='word_1_176' title='bbox 936 3045 1147 3128; x_wconf 87' lang='lat' dir='ltr'>personaliter</span> <span class='ocrx_word' id='word_1_177' title='bbox 1171 3045 1322 3106; x_wconf 89' lang='lat' dir='ltr'>interesse</span> <span class='ocrx_word' id='word_1_178' title='bbox 1347 3045 1503 3122; x_wconf 75' lang='lat' dir='ltr'>debeant,</span> <span class='ocrx_word' id='word_1_179' title='bbox 1536 3063 1601 3125; x_wconf 93' lang='lat' dir='ltr'>quo</span> <span class='ocrx_word' id='word_1_180' title='bbox 1634 3041 1685 3104; x_wconf 89' lang='lat' dir='ltr'>lu·</span> 
     </span>
     <span class='ocr_line' id='line_1_24' title="bbox 415 3149 1685 3234; baseline -0.002 -22"><span class='ocrx_word' id='word_1_181' title='bbox 415 3171 491 3213; x_wconf 90' lang='lat' dir='ltr'>nere</span> <span class='ocrx_word' id='word_1_182' title='bbox 515 3151 653 3234; x_wconf 92' lang='lat' dir='ltr'>sepulto,</span> <span class='ocrx_word' id='word_1_183' title='bbox 677 3151 736 3233; x_wconf 92' lang='lat' dir='ltr'>ipsi</span> <span class='ocrx_word' id='word_1_184' title='bbox 761 3151 925 3213; x_wconf 86' lang='lat' dir='ltr'>dumtaxat</span> <span class='ocrx_word' id='word_1_185' title='bbox 949 3151 1090 3232; x_wconf 88' lang='lat' dir='ltr'>magistri</span> <span class='ocrx_word' id='word_1_186' title='bbox 1123 3171 1180 3233; x_wconf 93' lang='lat' dir='ltr'>per</span> <span class='ocrx_word' id='word_1_187' title='bbox 1212 3151 1375 3232; x_wconf 90' lang='lat' dir='ltr'>singulum</span> <span class='ocrx_word' id='word_1_188' title='bbox 1408 3169 1508 3212; x_wconf 91' lang='lat' dir='ltr'>unum</span> <span class='ocrx_word' id='word_1_189' title='bbox 1542 3149 1685 3210; x_wconf 91' lang='lat' dir='ltr'>solidum</span> 
     </span>
     <span class='ocr_line' id='line_1_25' title="bbox 417 3256 1685 3341; baseline -0.003 -21"><span class='ocrx_word' id='word_1_190' title='bbox 417 3258 457 3320; x_wconf 91' lang='lat' dir='ltr'>ad</span> <span class='ocrx_word' id='word_1_191' title='bbox 479 3257 622 3341; x_wconf 86' lang='lat' dir='ltr'>pixidem</span> <span class='ocrx_word' id='word_1_192' title='bbox 648 3259 824 3340; x_wconf 90' lang='lat' dir='ltr'>imponant.</span> <span class='ocrx_word' id='word_1_193' title='bbox 859 3257 952 3320; x_wconf 90' lang='lat' dir='ltr'>Circa</span> <span class='ocrx_word' id='word_1_194' title='bbox 987 3258 1111 3318; x_wconf 90' lang='lat' dir='ltr'>obitum</span> <span class='ocrx_word' id='word_1_195' title='bbox 1148 3270 1255 3318; x_wconf 90' lang='lat' dir='ltr'>autem</span> <span class='ocrx_word' id='word_1_196' title='bbox 1291 3257 1425 3318; x_wconf 85' lang='lat' dir='ltr'>alicuius</span> <span class='ocrx_word' id='word_1_197' title='bbox 1459 3257 1549 3335; x_wconf 92' lang='lat' dir='ltr'>socii,</span> <span class='ocrx_word' id='word_1_198' title='bbox 1584 3256 1685 3318; x_wconf 91' lang='lat' dir='ltr'>iidem</span> 
     </span>
     <span class='ocr_line' id='line_1_26' title="bbox 418 3363 1686 3446; baseline -0.003 -19"><span class='ocrx_word' id='word_1_199' title='bbox 418 3385 530 3427; x_wconf 90' lang='lat' dir='ltr'>omnes</span> <span class='ocrx_word' id='word_1_200' title='bbox 554 3365 699 3426; x_wconf 89' lang='lat' dir='ltr'>similiter</span> <span class='ocrx_word' id='word_1_201' title='bbox 723 3365 865 3445; x_wconf 90' lang='lat' dir='ltr'>magistri</span> <span class='ocrx_word' id='word_1_202' title='bbox 897 3385 954 3446; x_wconf 89' lang='lat' dir='ltr'>per</span> <span class='ocrx_word' id='word_1_203' title='bbox 982 3383 1083 3426; x_wconf 88' lang='lat' dir='ltr'>unum</span> <span class='ocrx_word' id='word_1_204' title='bbox 1107 3363 1250 3425; x_wconf 90' lang='lat' dir='ltr'>solidum</span> <span class='ocrx_word' id='word_1_205' title='bbox 1281 3364 1456 3425; x_wconf 89' lang='lat' dir='ltr'>exsolvant.</span> <span class='ocrx_word' id='word_1_206' title='bbox 1490 3363 1575 3424; x_wconf 90' lang='lat' dir='ltr'>Dum</span> <span class='ocrx_word' id='word_1_207' title='bbox 1606 3381 1686 3424; x_wconf 91' lang='lat' dir='ltr'>vero</span> 
     </span>
     <span class='ocr_line' id='line_1_27' title="bbox 418 3467 1687 3552; baseline -0.004 -19"><span class='ocrx_word' id='word_1_208' title='bbox 418 3471 503 3534; x_wconf 91' lang='lat' dir='ltr'>filius</span> <span class='ocrx_word' id='word_1_209' title='bbox 526 3472 577 3533; x_wconf 87' lang='lat' dir='ltr'>vel</span> <span class='ocrx_word' id='word_1_210' title='bbox 601 3469 666 3533; x_wconf 90' lang='lat' dir='ltr'>filia</span> <span class='ocrx_word' id='word_1_211' title='bbox 691 3471 825 3533; x_wconf 90' lang='lat' dir='ltr'>alicuius</span> <span class='ocrx_word' id='word_1_212' title='bbox 850 3471 991 3552; x_wconf 84' lang='lat' dir='ltr'>magistri</span> <span class='ocrx_word' id='word_1_213' title='bbox 1014 3469 1160 3546; x_wconf 91' lang='lat' dir='ltr'>moritur,</span> <span class='ocrx_word' id='word_1_214' title='bbox 1184 3483 1300 3532; x_wconf 90' lang='lat' dir='ltr'>eotunc</span> <span class='ocrx_word' id='word_1_215' title='bbox 1328 3469 1454 3550; x_wconf 90' lang='lat' dir='ltr'>sepulto</span> <span class='ocrx_word' id='word_1_216' title='bbox 1479 3468 1536 3530; x_wconf 93' lang='lat' dir='ltr'>illo</span> <span class='ocrx_word' id='word_1_217' title='bbox 1561 3467 1687 3546; x_wconf 84' lang='lat' dir='ltr'>funere,</span> 
     </span>
     <span class='ocr_line' id='line_1_28' title="bbox 419 3574 1686 3662; baseline -0.003 -22"><span class='ocrx_word' id='word_1_218' title='bbox 419 3579 554 3662; x_wconf 91' lang='lat' dir='ltr'>quilibet</span> <span class='ocrx_word' id='word_1_219' title='bbox 577 3578 801 3660; x_wconf 90' lang='lat' dir='ltr'>magistrorum</span> <span class='ocrx_word' id='word_1_220' title='bbox 825 3596 925 3638; x_wconf 91' lang='lat' dir='ltr'>unum</span> <span class='ocrx_word' id='word_1_221' title='bbox 950 3575 1095 3638; x_wconf 89' lang='lat' dir='ltr'>medium</span> <span class='ocrx_word' id='word_1_222' title='bbox 1119 3575 1260 3638; x_wconf 89' lang='lat' dir='ltr'>solidum</span> <span class='ocrx_word' id='word_1_223' title='bbox 1277 3574 1317 3636; x_wconf 91' lang='lat' dir='ltr'>ad</span> <span class='ocrx_word' id='word_1_224' title='bbox 1346 3574 1488 3657; x_wconf 89' lang='lat' dir='ltr'>pixidem</span> <span class='ocrx_word' id='word_1_225' title='bbox 1513 3574 1686 3656; x_wconf 84' lang='lat' dir='ltr'>persolvat.</span> 
     </span>
    </p>
   </div>
   <div class='ocr_carea' id='block_1_7' title="bbox 419 3698 1688 4311">
    <p class='ocr_par' dir='ltr' id='par_1_7' title="bbox 419 3698 1688 4311">
     <span class='ocr_line' id='line_1_29' title="bbox 526 3698 1687 3779; baseline -0.004 -16"><span class='ocrx_word' id='word_1_226' title='bbox 526 3702 667 3776; x_wconf 90' lang='lat' dir='ltr'>Quartus</span> <span class='ocrx_word' id='word_1_227' title='bbox 691 3701 834 3763; x_wconf 90' lang='lat' dir='ltr'>decimus</span> <span class='ocrx_word' id='word_1_228' title='bbox 858 3701 1020 3763; x_wconf 89' lang='lat' dir='ltr'>articulus.</span> <span class='ocrx_word' id='word_1_229' title='bbox 1042 3699 1140 3774; x_wconf 91' lang='lat' dir='ltr'>Quod</span> <span class='ocrx_word' id='word_1_230' title='bbox 1165 3700 1273 3761; x_wconf 91' lang='lat' dir='ltr'>nullus</span> <span class='ocrx_word' id='word_1_231' title='bbox 1298 3698 1524 3779; x_wconf 88' lang='lat' dir='ltr'>magistrorum</span> <span class='ocrx_word' id='word_1_232' title='bbox 1542 3698 1687 3779; x_wconf 89' lang='lat' dir='ltr'>aliquem</span> 
     </span>
     <span class='ocr_line' id='line_1_30' title="bbox 419 3802 1687 3890; baseline -0.006 -19"><span class='ocrx_word' id='word_1_233' title='bbox 419 3809 577 3871; x_wconf 86' lang='lat' dir='ltr'>famulum</span> <span class='ocrx_word' id='word_1_234' title='bbox 601 3826 839 3890; x_wconf 88' lang='lat' dir='ltr'>quamcumque</span> <span class='ocrx_word' id='word_1_235' title='bbox 863 3807 981 3868; x_wconf 89' lang='lat' dir='ltr'>malam</span> <span class='ocrx_word' id='word_1_236' title='bbox 1005 3805 1124 3868; x_wconf 89' lang='lat' dir='ltr'>lamam</span> <span class='ocrx_word' id='word_1_237' title='bbox 1149 3805 1331 3884; x_wconf 87' lang='lat' dir='ltr'>habentem,</span> <span class='ocrx_word' id='word_1_238' title='bbox 1356 3817 1411 3866; x_wconf 90' lang='lat' dir='ltr'>aut</span> <span class='ocrx_word' id='word_1_239' title='bbox 1434 3804 1490 3885; x_wconf 93' lang='lat' dir='ltr'>qui</span> <span class='ocrx_word' id='word_1_240' title='bbox 1514 3802 1687 3865; x_wconf 87' lang='lat' dir='ltr'>artificium</span> 
     </span>
     <span class='ocr_line' id='line_1_31' title="bbox 420 3908 1687 3997; baseline -0.006 -19"><span class='ocrx_word' id='word_1_241' title='bbox 420 3919 542 3997; x_wconf 91' lang='lat' dir='ltr'>integre</span> <span class='ocrx_word' id='word_1_242' title='bbox 566 3927 597 3976; x_wconf 91' lang='lat' dir='ltr'>et</span> <span class='ocrx_word' id='word_1_243' title='bbox 621 3933 694 3975; x_wconf 93' lang='lat' dir='ltr'>cum</span> <span class='ocrx_word' id='word_1_244' title='bbox 717 3913 883 3996; x_wconf 91' lang='lat' dir='ltr'>diligentia</span> <span class='ocrx_word' id='word_1_245' title='bbox 900 3933 965 3974; x_wconf 92' lang='lat' dir='ltr'>non</span> <span class='ocrx_word' id='word_1_246' title='bbox 982 3913 1165 3992; x_wconf 89' lang='lat' dir='ltr'>studuisset,</span> <span class='ocrx_word' id='word_1_247' title='bbox 1182 3911 1221 3973; x_wconf 92' lang='lat' dir='ltr'>ad</span> <span class='ocrx_word' id='word_1_248' title='bbox 1239 3911 1365 3972; x_wconf 86' lang='lat' dir='ltr'>labores</span> <span class='ocrx_word' id='word_1_249' title='bbox 1381 3910 1541 3991; x_wconf 89' lang='lat' dir='ltr'>suscipere</span> <span class='ocrx_word' id='word_1_250' title='bbox 1559 3908 1687 3971; x_wconf 88' lang='lat' dir='ltr'>debeat.</span> 
     </span>
     <span class='ocr_line' id='line_1_32' title="bbox 421 4015 1688 4098; baseline -0.008 -12"><span class='ocrx_word' id='word_1_251' title='bbox 421 4022 626 4088; x_wconf 87' lang='lat' dir='ltr'>Contrarium</span> <span class='ocrx_word' id='word_1_252' title='bbox 665 4019 784 4081; x_wconf 85' lang='lat' dir='ltr'>faciens</span> <span class='ocrx_word' id='word_1_253' title='bbox 819 4019 931 4080; x_wconf 88' lang='lat' dir='ltr'>decern</span> <span class='ocrx_word' id='word_1_254' title='bbox 967 4017 1106 4081; x_wconf 82' lang='lat' dir='ltr'>fertones</span> <span class='ocrx_word' id='word_1_255' title='bbox 1142 4037 1211 4079; x_wconf 89' lang='lat' dir='ltr'>cere</span> <span class='ocrx_word' id='word_1_256' title='bbox 1250 4017 1318 4078; x_wconf 91' lang='lat' dir='ltr'>sine</span> <span class='ocrx_word' id='word_1_257' title='bbox 1353 4016 1461 4098; x_wconf 90' lang='lat' dir='ltr'>aliqua</span> <span class='ocrx_word' id='word_1_258' title='bbox 1497 4015 1688 4077; x_wconf 88' lang='lat' dir='ltr'>remissione</span> 
     </span>
     <span class='ocr_line' id='line_1_33' title="bbox 421 4121 1688 4206; baseline -0.008 -14"><span class='ocrx_word' id='word_1_259' title='bbox 421 4131 567 4205; x_wconf 88' lang='lat' dir='ltr'>exolvat;</span> <span class='ocrx_word' id='word_1_260' title='bbox 591 4127 820 4189; x_wconf 90' lang='lat' dir='ltr'>nichilominus</span> <span class='ocrx_word' id='word_1_261' title='bbox 844 4144 901 4206; x_wconf 87' lang='lat' dir='ltr'>pro</span> <span class='ocrx_word' id='word_1_262' title='bbox 925 4124 1088 4187; x_wconf 87' lang='lat' dir='ltr'>talismodi</span> <span class='ocrx_word' id='word_1_263' title='bbox 1112 4144 1171 4185; x_wconf 91' lang='lat' dir='ltr'>suo</span> <span class='ocrx_word' id='word_1_264' title='bbox 1204 4141 1374 4184; x_wconf 90' lang='lat' dir='ltr'>excessua</span> <span class='ocrx_word' id='word_1_265' title='bbox 1406 4121 1564 4203; x_wconf 90' lang='lat' dir='ltr'>magistris</span> <span class='ocrx_word' id='word_1_266' title='bbox 1596 4123 1688 4183; x_wconf 89' lang='lat' dir='ltr'>omni</span> 
     </span>
     <span class='ocr_line' id='line_1_34' title="bbox 421 4228 1447 4311; baseline -0.012 -11"><span class='ocrx_word' id='word_1_267' title='bbox 421 4257 494 4300; x_wconf 93' lang='lat' dir='ltr'>cum</span> <span class='ocrx_word' id='word_1_268' title='bbox 519 4233 695 4296; x_wconf 89' lang='lat' dir='ltr'>reverentis</span> <span class='ocrx_word' id='word_1_269' title='bbox 719 4247 750 4292; x_wconf 90' lang='lat' dir='ltr'>et</span> <span class='ocrx_word' id='word_1_270' title='bbox 773 4230 953 4292; x_wconf 88' lang='lat' dir='ltr'>humilitate</span> <span class='ocrx_word' id='word_1_271' title='bbox 978 4230 1105 4292; x_wconf 89' lang='lat' dir='ltr'>veniam</span> <span class='ocrx_word' id='word_1_272' title='bbox 1129 4230 1299 4311; x_wconf 87' lang='lat' dir='ltr'>impetrare</span> <span class='ocrx_word' id='word_1_273' title='bbox 1323 4228 1447 4289; x_wconf 90' lang='lat' dir='ltr'>debeat.</span> 
     </span>
    </p>
   </div>
   <div class='ocr_carea' id='block_1_8' title="bbox 423 4351 1690 4762">
    <p class='ocr_par' dir='ltr' id='par_1_8' title="bbox 423 4351 1690 4762">
     <span class='ocr_line' id='line_1_35' title="bbox 529 4351 1688 4433; baseline -0.007 -13"><span class='ocrx_word' id='word_1_274' title='bbox 529 4359 669 4432; x_wconf 90' lang='lat' dir='ltr'>Quintus</span> <span class='ocrx_word' id='word_1_275' title='bbox 702 4357 846 4418; x_wconf 89' lang='lat' dir='ltr'>decimus</span> <span class='ocrx_word' id='word_1_276' title='bbox 878 4354 1039 4416; x_wconf 88' lang='lat' dir='ltr'>articulus.</span> <span class='ocrx_word' id='word_1_277' title='bbox 1074 4351 1173 4426; x_wconf 91' lang='lat' dir='ltr'>Quod</span> <span class='ocrx_word' id='word_1_278' title='bbox 1208 4352 1286 4414; x_wconf 92' lang='lat' dir='ltr'>dum</span> <span class='ocrx_word' id='word_1_279' title='bbox 1314 4352 1430 4433; x_wconf 91' lang='lat' dir='ltr'>aliquis</span> <span class='ocrx_word' id='word_1_280' title='bbox 1460 4351 1688 4432; x_wconf 89' lang='lat' dir='ltr'>magistrorum</span> 
     </span>
     <span class='ocr_line' id='line_1_36' title="bbox 423 4457 1689 4548; baseline -0.009 -20"><span class='ocrx_word' id='word_1_281' title='bbox 423 4467 565 4548; x_wconf 88' lang='lat' dir='ltr'>aliquem</span> <span class='ocrx_word' id='word_1_282' title='bbox 591 4463 756 4526; x_wconf 89' lang='lat' dir='ltr'>hominem</span> <span class='ocrx_word' id='word_1_283' title='bbox 781 4461 911 4523; x_wconf 87' lang='lat' dir='ltr'>alterius</span> <span class='ocrx_word' id='word_1_284' title='bbox 934 4459 1077 4542; x_wconf 89' lang='lat' dir='ltr'>magistri</span> <span class='ocrx_word' id='word_1_285' title='bbox 1095 4459 1221 4520; x_wconf 88' lang='lat' dir='ltr'>labores</span> <span class='ocrx_word' id='word_1_286' title='bbox 1239 4477 1344 4519; x_wconf 90' lang='lat' dir='ltr'>emere</span> <span class='ocrx_word' id='word_1_287' title='bbox 1357 4457 1522 4518; x_wconf 89' lang='lat' dir='ltr'>volentem</span> <span class='ocrx_word' id='word_1_288' title='bbox 1539 4457 1579 4518; x_wconf 85' lang='lat' dir='ltr'>ad</span> <span class='ocrx_word' id='word_1_289' title='bbox 1597 4475 1689 4517; x_wconf 90' lang='lat' dir='ltr'>suam</span> 
     </span>
     <span class='ocr_line' id='line_1_37' title="bbox 424 4562 1690 4644; baseline -0.009 -9"><span class='ocrx_word' id='word_1_290' title='bbox 424 4572 587 4635; x_wconf 82' lang='lat' dir='ltr'>officinam</span> <span class='ocrx_word' id='word_1_291' title='bbox 611 4570 692 4631; x_wconf 91' lang='lat' dir='ltr'>clam</span> <span class='ocrx_word' id='word_1_292' title='bbox 724 4583 780 4631; x_wconf 86' lang='lat' dir='ltr'>aut</span> <span class='ocrx_word' id='word_1_293' title='bbox 810 4568 977 4630; x_wconf 85' lang='lat' dir='ltr'>manifeste</span> <span class='ocrx_word' id='word_1_294' title='bbox 1013 4566 1211 4644; x_wconf 88' lang='lat' dir='ltr'>alliciaverit,</span> <span class='ocrx_word' id='word_1_295' title='bbox 1244 4564 1316 4626; x_wconf 90' lang='lat' dir='ltr'>talis</span> <span class='ocrx_word' id='word_1_296' title='bbox 1346 4563 1498 4644; x_wconf 88' lang='lat' dir='ltr'>magister</span> <span class='ocrx_word' id='word_1_297' title='bbox 1531 4562 1690 4624; x_wconf 90' lang='lat' dir='ltr'>excedens</span> 
     </span>
     <span class='ocr_line' id='line_1_38' title="bbox 424 4669 1524 4762; baseline -0.008 -21"><span class='ocrx_word' id='word_1_298' title='bbox 424 4679 575 4762; x_wconf 89' lang='lat' dir='ltr'>puniatur</span> <span class='ocrx_word' id='word_1_299' title='bbox 597 4677 682 4738; x_wconf 91' lang='lat' dir='ltr'>iuxta</span> <span class='ocrx_word' id='word_1_300' title='bbox 706 4695 800 4736; x_wconf 90' lang='lat' dir='ltr'>suum</span> <span class='ocrx_word' id='word_1_301' title='bbox 825 4675 1016 4736; x_wconf 91' lang='lat' dir='ltr'>demeritum</span> <span class='ocrx_word' id='word_1_302' title='bbox 1041 4685 1072 4736; x_wconf 89' lang='lat' dir='ltr'>et</span> <span class='ocrx_word' id='word_1_303' title='bbox 1094 4671 1321 4754; x_wconf 86' lang='lat' dir='ltr'>magistrorum</span> <span class='ocrx_word' id='word_1_304' title='bbox 1345 4669 1524 4732; x_wconf 90' lang='lat' dir='ltr'>arbitrium.</span> 
     </span>
    </p>
   </div>
   <div class='ocr_carea' id='block_1_9' title="bbox 425 4791 1689 5092">
    <p class='ocr_par' dir='ltr' id='par_1_9' title="bbox 425 4791 1689 5092">
     <span class='ocr_line' id='line_1_39' title="bbox 531 4791 1686 4879; baseline -0.009 -17"><span class='ocrx_word' id='word_1_305' title='bbox 531 4801 644 4862; x_wconf 89' lang='lat' dir='ltr'>Sextus</span> <span class='ocrx_word' id='word_1_306' title='bbox 667 4799 811 4861; x_wconf 91' lang='lat' dir='ltr'>decimus</span> <span class='ocrx_word' id='word_1_307' title='bbox 835 4799 995 4860; x_wconf 90' lang='lat' dir='ltr'>articulus.</span> <span class='ocrx_word' id='word_1_308' title='bbox 1013 4797 1111 4872; x_wconf 92' lang='lat' dir='ltr'>Quod</span> <span class='ocrx_word' id='word_1_309' title='bbox 1128 4796 1187 4879; x_wconf 92' lang='lat' dir='ltr'>ipsi</span> <span class='ocrx_word' id='word_1_310' title='bbox 1204 4795 1346 4877; x_wconf 88' lang='lat' dir='ltr'>magistri</span> <span class='ocrx_word' id='word_1_311' title='bbox 1363 4793 1484 4856; x_wconf 86' lang='lat' dir='ltr'>factum</span> <span class='ocrx_word' id='word_1_312' title='bbox 1501 4791 1686 4853; x_wconf 89' lang='lat' dir='ltr'>debitorum</span> 
     </span>
     <span class='ocr_line' id='line_1_40' title="bbox 425 4897 1689 4986; baseline -0.01 -16"><span class='ocrx_word' id='word_1_313' title='bbox 425 4922 525 4970; x_wconf 88' lang='lat' dir='ltr'>artem</span> <span class='ocrx_word' id='word_1_314' title='bbox 561 4906 749 4968; x_wconf 90' lang='lat' dir='ltr'>eorumdem</span> <span class='ocrx_word' id='word_1_315' title='bbox 785 4905 990 4986; x_wconf 84' lang='lat' dir='ltr'>tangentium</span> <span class='ocrx_word' id='word_1_316' title='bbox 1015 4903 1241 4966; x_wconf 90' lang='lat' dir='ltr'>tantummodo</span> <span class='ocrx_word' id='word_1_317' title='bbox 1277 4900 1442 4962; x_wconf 90' lang='lat' dir='ltr'>dumtaxat</span> <span class='ocrx_word' id='word_1_318' title='bbox 1475 4897 1514 4959; x_wconf 90' lang='lat' dir='ltr'>ad</span> <span class='ocrx_word' id='word_1_319' title='bbox 1548 4911 1689 4978; x_wconf 90' lang='lat' dir='ltr'>quatuor</span> 
     </span>
     <span class='ocr_line' id='line_1_41' title="bbox 426 5003 1577 5092; baseline -0.01 -16"><span class='ocrx_word' id='word_1_320' title='bbox 426 5015 564 5076; x_wconf 91' lang='lat' dir='ltr'>florenos</span> <span class='ocrx_word' id='word_1_321' title='bbox 588 5033 620 5073; x_wconf 92' lang='lat' dir='ltr'>se</span> <span class='ocrx_word' id='word_1_322' title='bbox 645 5012 820 5074; x_wconf 89' lang='lat' dir='ltr'>extendens</span> <span class='ocrx_word' id='word_1_323' title='bbox 844 5011 926 5073; x_wconf 91' lang='lat' dir='ltr'>inter</span> <span class='ocrx_word' id='word_1_324' title='bbox 949 5030 982 5072; x_wconf 89' lang='lat' dir='ltr'>se</span> <span class='ocrx_word' id='word_1_325' title='bbox 1006 5009 1146 5092; x_wconf 88' lang='lat' dir='ltr'>judicare</span> <span class='ocrx_word' id='word_1_326' title='bbox 1171 5007 1299 5069; x_wconf 88' lang='lat' dir='ltr'>valeant</span> <span class='ocrx_word' id='word_1_327' title='bbox 1322 5019 1417 5088; x_wconf 88' lang='lat' dir='ltr'>atque</span> <span class='ocrx_word' id='word_1_328' title='bbox 1442 5003 1577 5087; x_wconf 89' lang='lat' dir='ltr'>possint.</span> 
     </span>
    </p>
   </div>
   <div class='ocr_carea' id='block_1_10' title="bbox 0 0 1930 5792">
    <p class='ocr_par' dir='ltr' id='par_1_10' title="bbox 0 0 1930 5792">
     <span class='ocr_line' id='line_1_42' title="bbox 0 0 1930 5792; baseline 0 0"><span class='ocrx_word' id='word_1_329' title='bbox 0 0 1930 5792; x_wconf 95' lang='lat' dir='ltr'> </span> 
     </span>
    </p>
   </div>
  </div>
 </body>
</html>
