3732 5802
684 567 756 625 Doc.
773 561 825 642 84.
844 597 884 608 -
903 567 959 622 An.
978 575 1065 639 1510.
1462 581 1498 642 91

236 671 510 679 -——-——

237 793 430 854 constitutus
455 805 643 870 censeretur,
668 791 820 873 quodque
844 791 960 872 aliquis
985 811 1020 852 ex
1046 791 1243 872 zagrabiensi
1269 803 1300 853 et
1325 790 1503 854 chasmensi

237 899 446 962 ecclesiarum
470 900 683 982 predictarum
713 899 874 961 canonicis
896 898 1112 980 parochialem
1137 898 1304 960 ecclesiam
1328 898 1503 980 predictam

237 1020 268 1067 et
292 1006 395 1088 ipsius
418 1005 610 1088 parochialis
634 1005 765 1067 ecclesie
789 1018 903 1085 rector,
928 1005 982 1086 qui
1006 1025 1064 1086 pro
1089 1019 1233 1086 tempore
1257 1003 1349 1083 ioret,
1374 1004 1503 1065 canoni-

237 1126 344 1174 carum
377 1125 408 1174 et
441 1113 636 1195 prebendam
670 1113 702 1173 in
734 1112 841 1193 aliqua
877 1131 914 1172 ex
938 1111 1030 1172 dictis
1052 1111 1250 1192 zagrabiensi
1275 1125 1305 1172 et
1329 1109 1504 1172 chasmensi

237 1219 384 1300 optinere
408 1238 474 1280 non
498 1233 615 1301 posset,
639 1239 675 1280 ac
708 1218 843 1280 collacio
866 1231 897 1279 et
918 1217 1085 1300 promocio
1110 1217 1149 1278 de
1174 1217 1347 1299 parochiali
1373 1217 1505 1278 ecclesia

237 1337 292 1386 aut
316 1325 507 1387 canonicatu
532 1338 562 1386 et
584 1324 747 1406 prebenda
764 1324 950 1386 huiusmodi
968 1324 1069 1385 eciam
1085 1344 1141 1406 per
1157 1323 1266 1385 sedem
1284 1323 1504 1406 apostolicam,

238 1432 341 1494 eciam
364 1444 456 1492 motu
480 1431 621 1514 propri0‚
639 1431 730 1493 aliter
756 1450 814 1514 pro
837 1445 981 1512 tempore
1006 1429 1106 1510 factis,
1123 1429 1244 1492 nullius
1261 1442 1364 1492 essent
1380 1429 1504 1491 roboris

236 1538 289 1600 vel
314 1538 483 1616 momenti,
499 1538 658 1600 statuendi
675 1553 705 1600 et
721 1537 891 1599 ordinandi
907 1537 1074 1598 licenciam
1093 1551 1123 1598 et
1139 1535 1321 1598 facultatem
1338 1536 1503 1613 concessit,

236 1657 334 1727 prout
365 1644 399 1705 in
433 1643 524 1704 dictis
554 1643 667 1706 litteris
698 1644 835 1726 desuper
868 1642 1020 1705 coniectis
1051 1643 1178 1725 plenius
1202 1643 1392 1704 continetur.
1419 1641 1502 1704 Cum

240 1764 349 1812 autem
374 1751 467 1811 Pater
498 1763 603 1811 sancte
639 1749 780 1832 prefatus
804 1750 905 1810 Lucas
937 1751 1106 1832 episcopus
1129 1761 1302 1831 antequam
1326 1749 1366 1810 ad
1391 1768 1503 1810 execu-

239 1857 368 1918 cionem
402 1857 558 1918 dictarum
593 1857 768 1918 litterarum
793 1855 978 1938 procederet
1002 1856 1146 1917 debitum
1171 1868 1282 1917 nature
1307 1854 1505 1938 persolverit,

239 1964 350 2025 devoti
367 1977 510 2025 oratores
528 1963 621 2025 vestri
639 1963 814 2044 capitulum
832 1962 963 2024 ecclesie
980 1963 1195 2044 zagrabiensis
1209 1963 1341 2044 cupiunt
1354 1960 1505 2042 premissa

238 2069 426 2132 execucioni
451 2068 557 2130 debite
583 2069 780 2147 demandari,
803 2081 836 2129 ut
860 2069 992 2130 ecclesia
1017 2069 1084 2150 ipsa
1108 2087 1201 2129 muro
1223 2067 1366 2150 predicto
1387 2067 1505 2128 muniri

238 2175 393 2238 adversus
428 2175 583 2257 impetum
619 2175 823 2236 Thurcorum
861 2175 973 2254 valeat,
1005 2195 1040 2236 ac
1075 2175 1272 2257 prepositum
1305 2187 1376 2256 post
1407 2189 1506 2235 trans·

238 2282 400 2344 lacionem
432 2281 624 2363 parochialis
656 2281 788 2342 ecclesie
820 2281 860 2341 ad
895 2281 1062 2342 ecclesiam
1098 2281 1282 2342 monasterii
1319 2279 1504 2342 huiusmodi

239 2387 361 2450 eisdem
393 2387 570 2470 privilegiis
601 2401 630 2448 et
658 2388 868 2465 libertatibus,
893 2388 995 2448 eciam
1020 2406 1085 2468 quo
1110 2387 1149 2449 ad
1175 2387 1455 2449 conservacionem
1477 2401 1507 2448 et

241 2495 418 2556 tuicionem
443 2494 560 2555 iurium
579 2507 609 2556 et
624 2468 808 2555 libertatum
826 2494 955 2576 capituli
974 2495 1105 2556 ecclesie
1122 2493 1347 2575 zagrabieusis,
1364 2493 1503 2574 gaudere

240 2601 383 2678 deberet,
408 2600 525 2680 quibus
547 2600 708 2681 gaudebat
732 2601 830 2662 abbas
854 2601 1039 2662 monasterii
1063 2599 1295 2682 supprimendi.
1318 2599 1506 2681 Supplicant

242 2707 338 2789 igitur
363 2705 527 2767 humiliter
548 2705 652 2768 eidem
679 2707 710 2769 S.
727 2707 765 2767 V.
783 2719 925 2769 oratores
941 2706 1054 2790 prefati
1071 2721 1229 2787 quatenus
1245 2726 1301 2768 eos
1317 2706 1509 2788 specialibus

241 2811 406 2874 favoribus
441 2826 471 2873 et
503 2813 619 2894 graciis
653 2827 909 2895 prosequeretur,
934 2813 1067 2875 Alberto
1099 2812 1296 2894 zagrabiensi
1321 2826 1352 2874 et
1376 2811 1504 2873 Andree

242 2917 437 2980 chasmensis
461 2918 665 2981 ecclesiarum
690 2920 860 3002 prepositis
885 2933 919 2981 ut
944 2919 984 2981 ad
1008 2920 1229 2981 executionem
1252 2918 1407 2980 dictarum
1426 2918 1508 2980 litte·
1572 2927 1573 2932 ’

242 3044 350 3086 rarum
385 3025 417 3086 S.
450 3025 487 3086 V.
519 3025 703 3106 procedant,
732 3045 767 3087 ac
800 3025 824 3086 si
857 3026 911 3087 ille
944 3027 989 3087 eis
1021 3026 1139 3088 directe
1172 3024 1323 3101 fuissent;
1355 3023 1508 3104 quodque

231 3129 345 3190 'eciam
378 3143 514 3191 statuere
546 3131 678 3212 possint,
713 3131 799 3212 quod
833 3130 936 3192 dictus
968 3132 1148 3214 prepositus
1179 3131 1262 3192 dicte
1291 3127 1509 3192 transferende

243 3235 388 3314 ecclesie,
406 3250 576 3317 postquam
597 3236 747 3298 translata
771 3235 876 3316 fuerit,
891 3238 1010 3299 eisdem
1035 3237 1211 3320 privilegiis
1226 3237 1374 3319 gaudeat,
1392 3237 1509 3317 quibus

243 3344 342 3405 abbas
366 3343 550 3404 monasterii
573 3344 793 3426 supprimendi
817 3346 978 3425 gaudebat
1002 3345 1153 3406 latissime
1178 3343 1395 3421 extendentes,
1420 3362 1509 3403 man·

243 3448 320 3511 dare
337 3449 514 3530 dignemini
529 3449 567 3510 de
583 3451 689 3530 gracia
711 3451 859 3532 speciali;
883 3448 1170 3512 constitucionibus
1192 3463 1224 3510 et
1248 3448 1510 3511 ordinacionibus

242 3555 428 3638 apostolicis
457 3575 516 3617 nec
547 3576 612 3616 non
644 3557 795 3617 omnibus
827 3557 900 3635 illis,
933 3576 995 3637 que
1020 3557 1056 3617 E.
1086 3555 1117 3617 S.
1142 3556 1180 3618 V.
1208 3555 1240 3616 in
1272 3555 1364 3616 dictis
1395 3554 1507 3615 litteris

243 3661 348 3722 voluit
373 3681 438 3722 non
462 3664 598 3741 obstare,
622 3663 799 3744 ceterisque
824 3664 855 3724 in
880 3663 1075 3725 contrarium
1093 3661 1282 3723 iacientibus
1299 3679 1364 3722 non
1382 3661 1509 3722 obstan-

243 3769 330 3829 tibus
354 3768 611 3850 quibuscumque
636 3788 709 3830 cum
734 3769 886 3830 clausulis
910 3769 1100 3850 opportunis
1124 3781 1154 3829 et
1178 3768 1345 3829 consuetis.

353 3908 374 3959 E
393 3923 494 3960 coaevo
514 3913 679 3973 transumpto
698 3910 817 3962 Andreae
838 3909 893 3966 DD.
913 3915 940 3962 et
959 3924 1052 3962 canon.
1072 3907 1262 3974 zagrabiensis.
1291 3909 1317 3959 ln
1337 3907 1433 3959 archiv.
1454 3920 1510 3958 ven.

244 3996 332 4063 Capit.
353 3999 458 4064 zagrab.

848 4212 911 4276 84.

353 4334 427 4386 Anno
448 4337 523 4389 1510.
542 4334 697 4400 Zagrabiae.

239 4479 396 4556 Johunnes
419 4481 532 4556 frater,
555 4489 647 4538 custus
678 4480 820 4538 custodiae
842 4479 1049 4558 zagrabieuris,
1077 4478 1204 4557 Georgia
1230 4480 1288 4538 ciui
1308 4480 1424 4552 ejusque
1440 4487 1510 4551 pru·

238 4585 362 4660 pinquis
392 4585 444 4642 dar
464 4588 518 4662 jus
547 4587 673 4660 sepulcri
701 4587 732 4644 iu
761 4587 932 4644 irrorrasteria
954 4605 976 4645 s.
1001 4586 1159 4659 Francisci,
1186 4584 1352 4657 Zugrubiae
1367 4585 1510 4658 fruulutu.

354 4724 422 4786 Nos
453 4723 547 4786 frater
579 4724 739 4786 lohannes
771 4725 810 4786 de
844 4725 1043 4805 Posegawar,
1068 4737 1173 4784 custos
1204 4722 1343 4784 castodie
1369 4723 1511 4803 zagrabi·

248 4830 332 4892 ensis
365 4829 440 4891 licet
470 4830 646 4910 inmeritus,
671 4831 806 4892 salutem
838 4845 868 4892 et
902 4851 1013 4918 pacem
1047 4831 1078 4891 in
1111 4830 1245 4892 domino
1274 4829 1511 4910 sempiternam.

250 4937 333 4999 Cum
367 4956 385 4996 a
416 4937 510 4998 nobis
543 4938 660 5020 petitur
690 4958 708 4998 a
740 4937 801 5019 piis
833 4937 1081 4999 revelationibus
1112 4937 1237 5018 piorum
1271 4933 1511 4997 benefactorum

249 5021 432 5104 nostrorum
465 5042 668 5106 confirmacio
692 5064 747 5105 seu
771 5045 939 5106 roboracio
963 5043 1099 5126 sepulcri
1125 5062 1236 5104 eorum
1262 5041 1292 5102 in
1317 5043 1511 5103 monasterio
