3732 5802
828 489 903 548 Doc.
929 502 994 548 ιιι.
1018 521 1061 531 -
1085 489 1142 547 An.
1167 499 1253 563 1515.

1011 715 1082 779 111.

520 856 595 907 Anno
617 855 692 921 1515,
713 857 753 907 19.
774 855 868 907 martii.
890 853 1045 920 Zagrabiae.

535 983 729 1041 Commum'tas
751 985 876 1041 abiram
898 983 1029 1040 decedens
1050 982 1084 1039 de
1099 984 1172 1056 jure
1194 981 1310 1040 abdicat
1329 1001 1359 1040 se
1381 1000 1454 1055 agro
1476 983 1572 1056 Krog.

521 1123 588 1184 Nos
622 1122 836 1184 communitas
871 1121 986 1202 regalis
1021 1121 1140 1182 civium
1175 1121 1311 1182 civitatis
1346 1121 1464 1186 montis
1499 1121 1680 1184 Grecensis.

419 1229 575 1290 Memorie
601 1229 867 1290 commendamus
890 1241 1001 1290 tenore
1024 1227 1226 1309 presencium
1249 1226 1463 1308 significantes
1487 1228 1606 1309 quibus
1631 1248 1681 1288 ex-

420 1335 509 1418 pedit
527 1335 694 1397 universis.
719 1335 816 1408 Quod
846 1334 992 1415 quamvis
1017 1333 1098 1412 lites,
1122 1353 1216 1394 causa
1240 1346 1271 1394 et
1295 1352 1399 1412 cause,
1422 1332 1680 1394 differenciarum

417 1457 448 1504 et
471 1443 739 1504 controversionis
763 1442 894 1503 materie
919 1441 1000 1502 inter
1024 1460 1083 1502 nos
1106 1441 1146 1501 ab
1170 1460 1233 1500 una
1258 1460 1293 1501 ac
1316 1439 1508 1501 reverendos
1530 1438 1683 1499 dominos

418 1549 589 1610 canonicos
613 1561 644 1610 et
664 1547 840 1629 capitulum
860 1546 992 1608 ecclesie
1013 1546 1227 1628 zagrabiensis
1243 1547 1283 1606 ab
1305 1545 1365 1607 alia
1384 1545 1537 1628 partibus,
1554 1544 1682 1605 racione

418 1667 449 1715 et
472 1667 616 1735 pretextu
639 1653 746 1715 totalis
770 1667 801 1715 et
824 1653 946 1734 integre
970 1652 1179 1734 possessionis
1203 1651 1314 1733 Krogh
1338 1665 1460 1729 vocate,
1477 1649 1558 1712 infra
1580 1650 1683 1712 claus-

418 1771 503 1821 trum
527 1761 626 1820 sancti
657 1759 782 1820 Nicolai
812 1757 1002 1820 confessoris
1025 1758 1147 1819 ordinis
1172 1756 1304 1819 fratrum
1327 1757 1427 1818 sancti
1451 1755 1627 1833 Dominici,
1652 1755 1683 1816 in

419 1867 573 1926 comitatu
597 1865 794 1945 zagrabiensi
818 1863 990 1944 existentis,
1011 1876 1129 1942 exorte,
1150 1863 1314 1925 ventillate
1336 1878 1367 1925 et
1386 1863 1533 1924 suscitate
1555 1860 1686 1940 luerint,

420 1971 599 2052 exindeque
624 1990 731 2032 coram
754 1970 915 2052 personali
940 1970 1102 2051 presencia
1119 1969 1311 2033 serenissimi
1332 1969 1485 2051 principis
1501 1981 1532 2029 et
1549 1967 1688 2045 domini,

420 2076 543 2138 domini
567 2075 749 2154 wladislai,
774 2075 826 2138 dei
849 2076 954 2157 gracia
980 2074 1156 2158 Hungarie,
1179 2074 1335 2137 Bobemie
1359 2089 1418 2138 etc.
1443 2074 1536 2156 regis,
1560 2073 1687 2134 domini

420 2183 519 2244 nostri
543 2182 780 2262 gratiosissimi,
810 2181 849 2243 ad
878 2195 980 2243 certos
1004 2194 1092 2243 actus
1115 2180 1300 2263 judicia-rios
1323 2199 1507 2262 processum
1531 2180 1687 2256 extiterit3

420 2301 527 2350 tamen
559 2288 634 2369 quia
668 2307 726 2349 nos
757 2288 921 2370 cupientes
946 2272 1054 2368 'magis
1077 2288 1232 2349 zelatores
1255 2307 1322 2348 esse
1346 2287 1443 2369 pacis,
1468 2304 1568 2366 quam
1593 2286 1687 2346 semi·

421 2407 547 2456 natores
571 2393 814 2472 discordiarum,
831 2413 985 2474 paceque,
1006 2393 1189 2474 tranquille,
1213 2393 1320 2474 quiete
1345 2405 1375 2454 et
1395 2391 1496 2453 amice
1520 2411 1597 2452 cum
1614 2391 1688 2474 ipsis

421 2499 561 2561 dominis
591 2498 753 2560 canonicis
784 2511 814 2559 et
842 2499 983 2580 capitulo
1013 2499 1118 2560 vivere
1143 2513 1173 2558 et
1195 2499 1263 2559 dies
1287 2498 1455 2575 deducere,
1480 2497 1540 2577 liti,
1566 2498 1687 2574 litibus,

421 2624 579 2686 causaque
597 2617 627 2665 et
643 2605 756 2682 causis,
774 2603 966 2665 differenciis
985 2617 1015 2665 et
1031 2605 1329 2666 controversionum
1347 2604 1488 2665 materiis
1504 2603 1687 2684 quomodo-

423 2730 560 2792 cumque
589 2723 620 2772 et
651 2725 948 2792 quantumcumque
980 2711 1107 2772 racione
1138 2723 1169 2772 et
1192 2711 1360 2772 occasione
1385 2710 1480 2770 motis
1501 2710 1689 2790 simpliciter

423 2829 454 2878 et
474 2817 512 2877 de
538 2817 636 2898 plano
660 2815 803 2877 cedimus
827 2829 858 2877 et
874 2816 1111 2896 renunciamus,
1127 2829 1158 2876 et
1178 2815 1408 2876 nichilominus
1428 2815 1471 2875 ob
1491 2814 1687 2896 singularem

423 2922 635 2983 devocionem
655 2921 720 2983 divi
738 2921 822 3002 regis
839 2921 991 3003 Stephani
1009 2922 1041 2982 in
1058 2941 1162 3000 causa,
1184 2941 1250 3002 quo
1271 2921 1383 2983 eadem
1399 2920 1561 3001 possessio
1580 2919 1688 3000 Krogh

424 3041 546 3107 vocata,
574 3027 684 3088 luisset
715 3041 745 3087 et
769 3039 850 3088 esset
874 3028 955 3087 inter
978 3046 1068 3088 veras
1092 3039 1192 3087 metas
1217 3039 1247 3088 et
1271 3026 1388 3087 limites
1420 3026 1583 3086 bonorum
1617 3045 1687 3086 nos-

423 3147 545 3194 trorum
578 3133 914 3215 possessiouariorum,
938 3145 1042 3195 totum
1071 3131 1131 3214 jus,
1154 3151 1351 3212 omnemque
1384 3130 1462 3212 juris
1493 3145 1524 3192 et
1552 3131 1688 3193 dominii

424 3239 663 3320 proprietatem,
688 3259 785 3320 quarn
810 3253 841 3301 et
867 3239 955 3321 quod
979 3240 1011 3301 in
1036 3238 1148 3301 eadem
1172 3239 1262 3300 totali
1287 3251 1319 3301 et
1343 3238 1463 3318 integra
1487 3237 1688 3319 possessione

426 3344 536 3425 Krogh
568 3357 761 3427 nuncupata,
793 3347 922 3427 suisque
955 3346 1077 3407 cunctis
1100 3345 1305 3427 pertinenciis
1333 3344 1374 3404 ad
1396 3343 1534 3405 eandem
1560 3343 1690 3423 dejure

426 3461 457 3511 et
491 3451 531 3510 ab
566 3451 699 3532 antiquo
735 3452 951 3534 spectantibus
981 3464 1012 3512 et
1043 3451 1201 3533 pertinere
1234 3450 1436 3528 debentibus,
1466 3448 1690 3510 habuissemus

426 3569 480 3616 aut
501 3555 617 3618 habere
638 3576 838 3638 speraremus
858 3556 1093 3639 quoquomodo
1114 3555 1318 3633 infuturum,
1336 3555 1367 3615 in
1385 3553 1691 3636 prelatosdominos

426 3662 598 3722 canonicos
620 3674 651 3722 et
674 3661 850 3742 capitulum
876 3662 1008 3722 ecclesie
1032 3661 1246 3740 zagrabiensis
1265 3659 1486 3722 transtulimus
1509 3659 1606 3740 pleno
1622 3658 1691 3739 jure

426 3780 581 3848 perpetuo
598 3780 628 3829 et
644 3767 893 3828 irrevocabiliter
914 3787 970 3849 per
986 3768 1117 3828 eosdem
1134 3765 1264 3848 pacifice
1281 3779 1312 3827 et
1328 3765 1435 3846 quiete
1452 3763 1691 3846 possidendam,

427 3892 644 3934 successorum
677 3885 859 3934 nostrorum
892 3873 1149 3934 contradiccione
1180 3873 1212 3933 in
1245 3872 1303 3932 hac
1327 3883 1416 3952 parte
1445 3889 1511 3931 non
1534 3870 1693 3946 obstante,

427 3998 563 4060 quorum
589 3998 686 4039 onera
710 3991 741 4039 et
763 3979 949 4060 gravamina
973 3979 1005 4038 in
1029 3998 1089 4040 nos
1112 3977 1339 4040 assummimus
1367 3976 1481 4037 harum
1510 3989 1692 4037 nostrarum

428 4085 537 4166 vigore
573 4096 604 4144 et
637 4079 822 4146 testimonio
858 4085 1033 4146 litterarum
1069 4084 1242 4145 mediante.
1281 4083 1400 4144 Datum
1438 4080 1516 4142 feria
1552 4079 1692 4142 secunda

428 4189 571 4271 proxima
596 4201 668 4251 ante
691 4189 807 4252 festum
828 4190 911 4251 beati
929 4189 1092 4250 Benedicti
1114 4189 1247 4252 abbatis.
1265 4193 1360 4249 Anno
1377 4187 1503 4248 domini
1521 4187 1694 4248 millesimo

429 4295 688 4376 quingentesimo
713 4295 966 4376 quintodecimo.

539 4435 677 4501 Origlnale
698 4436 722 4486 in
741 4437 900 4488 membrana.
920 4437 943 4484 Α
963 4449 1030 4486 zona
1050 4435 1121 4486 rubri
1142 4439 1168 4486 et
1186 4433 1282 4486 vididls
1303 4434 1404 4484 coloris
1424 4432 1696 4498 appendetsiginnn,

429 4523 456 4573 ln
476 4525 572 4576 archiv.
591 4539 649 4577 ven.
669 4525 749 4588 capit.
768 4525 876 4590 zagrab.
894 4525 950 4576 Act,
971 4525 1035 4588 Cap.
1055 4527 1107 4577 ant.
1128 4524 1192 4575 fasc.
1215 4525 1254 4576 10.
1274 4537 1312 4577 nr.
1336 4523 1360 4575 l.
