3752 5806
634 567 709 633 Dec.
732 585 779 647 30.
795 604 839 618 -
854 571 903 630 Aa
920 581 1008 648 1504.
1413 591 1454 654 ²9

280 679 332 684 -...-
347 679 449 684 -——-
467 679 498 684 -.
510 679 528 684 -.
865 677 1054 684 -—-—---
1083 678 1093 684 -
1103 677 1456 686 -.——--.—--·

188 800 324 881 singulis
347 799 490 881 prefatus
523 798 674 860 dominus
698 799 823 860 Marcus
847 797 943 879 peciit
972 798 1033 860 sibi
1052 817 1075 864 a
1101 819 1152 860 tne
1175 800 1302 862 notario
1326 801 1456 882 publico

188 907 370 988 subscripto
394 905 462 966 lieri
487 924 584 970 unum
611 905 661 965 vel
678 903 780 986 plura,
795 903 963 986 publicum
980 923 1036 966 seu
1053 905 1192 986 publica,
1210 905 1456 970 instrumentum

188 1031 246 1074 seu
270 1013 494 1076 instrumenta.
518 1013 597 1072 Acta
618 1023 694 1071 sunt
718 1009 776 1072 hec
800 1029 897 1087 anno,
920 1009 983 1088 die,
1007 1029 1127 1088 mense,
1144 1010 1335 1092 indiccione,
1352 1013 1457 1094 ponti·

188 1117 297 1197 ficatu,
322 1119 441 1198 quibus
458 1136 562 1198 supra.
580 1115 785 1178 presentibus
799 1114 919 1178 ibidem
938 1115 1038 1178 nobili
1057 1115 1202 1178 iohanne
1218 1117 1309 1196 Bina,
1323 1117 1456 1182 domino

190 1224 331 1286 Martino
361 1224 502 1304 plebano
538 1221 670 1284 ecclesie
702 1221 838 1284 civitatis
861 1219 994 1302 prefate,
1018 1223 1148 1304 egregio
1172 1222 1306 1286 domino
1337 1225 1457 1286 Jacobo

187 1329 322 1392 doctore
344 1330 379 1394 in
403 1328 546 1408 medicis,
571 1327 716 1389 lohanne
740 1327 846 1408 judice
870 1327 997 1390 seniore
1010 1326 1150 1390 ·Oczteni
1167 1328 1264 1407 dicto,
1281 1330 1457 1412 ceterisque

188 1435 312 1500 ibidem
335 1434 400 1500 fide
418 1435 524 1517 dignis
540 1433 746 1499 existentibus
761 1433 895 1496 testibus
911 1432 953 1494 sd
969 1433 1125 1516 premissa
1142 1435 1263 1498 vocatis
1278 1435 1457 1518 specialiter

188 1555 220 1602 et
243 1543 376 1624 rogatis.

301 1649 343 1708 Et
366 1667 427 1728 ego
449 1646 593 1710 Thomas
618 1645 771 1708 Sterlikar
794 1645 833 1707 de
856 1644 1016 1710 Harlandt
1039 1647 1204 1729 presbyter
1218 1647 1457 1728 Aquilegienais

187 1753 338 1832 diocesis,
370 1752 518 1832 publicus
554 1752 709 1834 imperiali
747 1752 935 1814 auctoritate
971 1753 1124 1831 notarius,
1160 1753 1236 1833 quia
1271 1751 1456 1816 huiusmodi

187 1857 358 1940 judiciarie
381 1858 558 1938 attracioni,
581 1858 641 1936 liti,
666 1857 799 1920 cessioni
825 1871 856 1920 et
879 1857 1129 1939 adiudicecioni,
1146 1859 1362 1940 omnibusque
1386 1859 1457 1922 aliis

187 1978 218 2026 et
242 1964 391 2046 singulis,
415 1977 450 2027 ut
470 1964 675 2046 premittitur,
690 1982 821 2046 presens
845 1962 985 2042 interfui,
1001 1963 1076 2026 ideo
1099 1963 1162 2026 hoc
1185 1983 1317 2047 presens
1340 1965 1456 2028 instru-

187 2083 336 2131 mentum
361 2089 459 2136 manu
484 2089 554 2132 mea
577 2069 706 2152 propria
737 2069 891 2151 scripturn
915 2067 1050 2148 confeci,
1073 2069 1237 2151 publicavi
1259 2085 1293 2132 et
1317 2071 1351 2134 in
1375 2070 1456 2134 hanc

189 2175 356 2259 publicam
390 2175 526 2238 formam
558 2175 678 2256 redegi,
702 2187 832 2258 rogatus
862 2188 893 2236 et
926 2174 1107 2256 requisitus.
1132 2177 1287 2260 Approbo
1317 2177 1456 2258 denique

188 2301 334 2344 rasuram
360 2282 393 2344 in
417 2282 520 2364 prims
545 2281 629 2344 linea
654 2282 687 2343 in
711 2281 769 2343 ists
794 2281 940 2344 dictione
963 2281 1071 2344 tercia.

297 2419 408 2474 Summa
427 2418 629 2486 privilegiorum
648 2418 802 2472 monasterii
816 2419 993 2472 Remetensis.
1007 2418 1035 2472 ln
1055 2421 1148 2473 arohiv.
1166 2421 1336 2474 Aoosdemine
1347 2420 1456 2474 Soientl·

191 2509 275 2562 arium
296 2507 446 2562 Slavornm.
466 2509 558 2560 merid.
577 2507 610 2562 ll.
632 2509 659 2561 C.
680 2511 719 2560 13.

794 2723 859 2788 30.

298 2879 374 2930 Αιιιιο
395 2879 470 2942 1504,
491 2879 530 2932 17.
551 2879 665 2944 augusti.
684 2876 713 2930 ln
734 2893 793 2930 aree
813 2877 931 2932 Medved.

189 3007 317 3066 Beotrix
339 3007 375 3064 de
392 3009 581 3082 Frangepan,
600 3007 713 3064 ducissa
736 3015 764 3066 et
776 3007 902 3082 danista,
920 3006 1070 3084 interdicit,
1086 3026 1121 3066 ne
1135 3004 1238 3068 disbus
1253 3009 1276 3070 b.
1294 3027 1319 3070 rr.
1338 3009 1457 3068 Mariae
1517 3056 1522 3064 .

263 3115 354 3189 festis
378 3115 460 3170 r'nrra
481 3121 580 3186 saepto
602 3113 753 3187 hortorque
775 3114 942 3172 nronosterii
963 3115 1122 3171 remetcnsr's
1146 3115 1243 3171 vinum
1267 3122 1377 3174 veneat.

297 3253 365 3314 Nos
398 3251 520 3314 beatrix
553 3251 591 3314 de
624 3251 823 3334 Frangepan‚
856 3250 1027 3334 Lipthouie
1059 3251 1183 3314 ducissa
1215 3273 1252 3314 ac
1281 3273 1455 3334 regnorum

190 3358 371 3438 Dalmacie,
396 3357 531 3425 Croacie
555 3370 586 3421 et
610 3357 780 3422 Sclavonle
802 3357 927 3420 banissa
943 3371 1002 3420 etc.
1021 3358 1175 3420 Memorie
1193 3359 1457 3424 commendamus

189 3477 302 3529 tenore
327 3463 528 3545 presencium
553 3462 767 3546 significantes
795 3464 912 3546 quibus
936 3463 1063 3548 expedit
1080 3463 1253 3526 universis:
1278 3465 1365 3546 quod
1381 3467 1456 3548 quia

190 3569 386 3637 venerabilis
410 3582 441 3630 et
464 3569 633 3652 religiosus
656 3583 748 3652 pater
772 3571 908 3648 Marcus,
933 3569 1068 3632 vicarius
1091 3569 1217 3660 clapstri
1242 3571 1333 3634 beate
1358 3572 1457 3636 Marie

190 3676 326 3758 virginis
358 3677 417 3742 sub
450 3689 551 3738 castro
587 3689 697 3738 nostro
729 3676 855 3738 Medwe
890 3675 1024 3756 fundati,
1049 3696 1111 3742 una
1140 3695 1213 3740 curn
1238 3677 1386 3740 fratribus
1408 3678 1457 3740 sui

191 3795 372 3845 conventus
395 3782 489 3847 nobis
511 3782 600 3862 gravi
626 3801 698 3844 curn
723 3781 852 3863 querela
884 3780 1055 3864 significari
1080 3783 1211 3864 curavit,
1235 3783 1401 3866 quomodo
1425 3783 1457 3848 in

191 3887 419 3958 festivitatibus
454 3887 697 3972 Assumpcionis
736 3901 766 3950 et
805 3889 986 3952 Natiuitatis
1020 3889 1154 3971 virginis
1190 3890 1289 3952 Marie
1325 3889 1456 3970 quidam

191 3994 343 4062 homines
367 3993 481 4062 timore
507 3992 558 4058 dei
582 3993 772 4078 postposito,
797 3993 877 4058 intra
909 4007 998 4076 septa
1022 4007 1052 4056 et
1075 3995 1185 4058 hortos
1208 3993 1321 4078 prelati
1346 4015 1456 4060 mona·

191 4099 290 4180 sterii,
315 4111 381 4162 tarn
414 4098 453 4162 de
486 4119 579 4164 ruane
611 4113 684 4162 ante
717 4101 885 4165 missarum
919 4101 1122 4184 sollempnia,
1147 4121 1242 4184 qnam
1268 4102 1368 4167 eciam
1402 4123 1458 4184 per

191 4218 294 4272 totam
326 4217 464 4284 noctem,
501 4206 574 4271 vina
605 4205 742 4269 vendere
773 4219 1028 4290 presummerent
1059 4207 1091 4268 in
1122 4207 1243 4288 grande
1278 4207 1456 4270 animarum

190 4311 373 4396 periculum
405 4323 437 4374 et
460 4309 592 4378 fratrum
624 4311 811 4377 scandalum
835 4325 931 4394 atque
963 4311 1141 4394 dampnum
1164 4312 1257 4376 valde
1284 4333 1457 4394 magnum;

192 4437 267 4480 nam
292 4417 339 4480 uti
364 4417 458 4481 nobis
481 4417 617 4483 relatum
641 4431 688 4483 est
712 4437 728 4480 a
754 4418 829 4482 viris
852 4418 1015 4482 nobilibus
1038 4431 1069 4482 et
1085 4417 1266 4500 fidedignis,
1282 4431 1357 4484 tunc
1373 4419 1455 4482 horti

192 4537 222 4584 et
246 4523 386 4611 pomerii
418 4523 531 4606 prefati
556 4523 740 4590 monasterii
772 4523 966 4606 dissipantur
989 4537 1084 4606 atque
1117 4524 1330 4608 depascuntur
1354 4539 1384 4588 et
1408 4526 1456 4588 in·

191 4649 287 4714 super
311 4629 353 4690 ab
377 4629 454 4711 ipsis
478 4629 606 4696 ebriatis
629 4649 694 4692 non
717 4629 822 4694 solum
847 4629 912 4694 rixe
937 4643 967 4696 et
987 4629 1211 4711 dissensiones,
1228 4649 1339 4694 verum
1355 4631 1455 4696 eciam

191 4735 438 4806 vulneraciones
462 4747 493 4796 et
515 4734 689 4803 homicidia
714 4736 747 4798 in
771 4736 892 4818 populo
917 4736 1072 4816 oriuntur,
1090 4756 1152 4818 que
1174 4737 1282 4798 omnia
1299 4737 1358 4820 ipsi
1376 4738 1455 4820 petri

192 4842 311 4906 vicario
337 4861 374 4905 ac
398 4842 464 4908 suis
487 4839 635 4908 fratribus
659 4841 763 4904 solent
787 4841 947 4924 imputari.
973 4841 1177 4926 Quapropter
1192 4841 1352 4924 predictus
1368 4857 1457 4925 pater

191 4947 329 5013 vicarius
362 4946 467 5026 nobis,
500 4946 555 5032 qui
587 4966 697 5013 sumus
728 4959 860 5028 patrona
892 4945 1004 5028 prefati
1037 4948 1232 5028 monasterii,
1256 4961 1287 5010 et
1318 4949 1357 5010 de
1388 4948 1455 5030 jure

191 5067 341 5124 tenemur
372 5051 483 5116 fratres
515 5053 546 5114 in
582 5071 621 5114 eo
652 5052 803 5134 degentes
834 5050 998 5118 defensare
1034 5065 1064 5116 et
1096 5053 1127 5116 in
1157 5073 1235 5136 pace
1258 5073 1456 5136 conservare,
