<?xml version="1.0" encoding="UTF-8"?>
<!DOCTYPE html PUBLIC "-//W3C//DTD XHTML 1.0 Transitional//EN"
    "http://www.w3.org/TR/xhtml1/DTD/xhtml1-transitional.dtd">
<html xmlns="http://www.w3.org/1999/xhtml" xml:lang="en" lang="en">
 <head>
  <title>
</title>
<meta http-equiv="Content-Type" content="text/html;charset=utf-8" />
  <meta name='ocr-system' content='tesseract 3.04.00' />
  <meta name='ocr-capabilities' content='ocr_page ocr_carea ocr_par ocr_line ocrx_word'/>
</head>
<body>
  <div class='ocr_page' id='page_1' title='image "./monumentahistor16laszgoog_0271.png"; bbox 0 0 3732 5802; ppageno 0'>
   <div class='ocr_carea' id='block_1_1' title="bbox 584 589 1431 674">
    <p class='ocr_par' dir='ltr' id='par_1_1' title="bbox 584 589 1431 674">
     <span class='ocr_line' id='line_1_1' title="bbox 584 589 1431 674; baseline 0.021 -29"><span class='ocrx_word' id='word_1_1' title='bbox 584 589 658 650; x_wconf 88' lang='lat' dir='ltr'>Doc.</span> <span class='ocrx_word' id='word_1_2' title='bbox 685 604 751 667; x_wconf 80' lang='lat'><em>114.</em></span> <span class='ocrx_word' id='word_1_3' title='bbox 781 623 823 632; x_wconf 89' lang='lat'>-</span> <span class='ocrx_word' id='word_1_4' title='bbox 850 591 1014 666; x_wconf 81' lang='lat' dir='ltr'>An.1515.</span> <span class='ocrx_word' id='word_1_5' title='bbox 1376 613 1431 674; x_wconf 87' lang='lat'>135</span> 
     </span>
    </p>
   </div>
   <div class='ocr_carea' id='block_1_2' title="bbox 925 697 1429 710">
    <p class='ocr_par' dir='ltr' id='par_1_2' title="bbox 925 697 1429 710">
     <span class='ocr_line' id='line_1_2' title="bbox 925 697 1429 710; baseline 0.016 -9"><span class='ocrx_word' id='word_1_6' title='bbox 925 697 933 701; x_wconf 94' lang='lat'>.</span> <span class='ocrx_word' id='word_1_7' title='bbox 938 697 1255 706; x_wconf 74' lang='lat'>.-——--—.—..-.-</span> <span class='ocrx_word' id='word_1_8' title='bbox 1263 701 1429 710; x_wconf 74' lang='lat'>——————-</span> 
     </span>
    </p>
   </div>
   <div class='ocr_carea' id='block_1_3' title="bbox 169 815 1439 5140">
    <p class='ocr_par' dir='ltr' id='par_1_3' title="bbox 169 815 1439 5140">
     <span class='ocr_line' id='line_1_3' title="bbox 170 815 1434 902; baseline 0.006 -26"><span class='ocrx_word' id='word_1_9' title='bbox 170 816 200 877; x_wconf 90' lang='lat' dir='ltr'>in</span> <span class='ocrx_word' id='word_1_10' title='bbox 224 815 373 878; x_wconf 90' lang='lat' dir='ltr'>omnium</span> <span class='ocrx_word' id='word_1_11' title='bbox 396 817 563 880; x_wconf 75' lang='lat' dir='ltr'>salvatore.</span> <span class='ocrx_word' id='word_1_12' title='bbox 587 815 638 877; x_wconf 80' lang='lat' dir='ltr'>Ad</span> <span class='ocrx_word' id='word_1_13' title='bbox 663 815 886 877; x_wconf 88' lang='lat' dir='ltr'>universorum</span> <span class='ocrx_word' id='word_1_14' title='bbox 909 829 975 878; x_wconf 91' lang='lat' dir='ltr'>tam</span> <span class='ocrx_word' id='word_1_15' title='bbox 999 819 1201 899; x_wconf 87' lang='lat' dir='ltr'>presencium</span> <span class='ocrx_word' id='word_1_16' title='bbox 1227 841 1325 902; x_wconf 91' lang='lat' dir='ltr'>quam</span> <span class='ocrx_word' id='word_1_17' title='bbox 1349 819 1434 883; x_wconf 89' lang='lat' dir='ltr'>lutu-</span> 
     </span>
     <span class='ocr_line' id='line_1_4' title="bbox 170 921 1435 1006; baseline 0.005 -23"><span class='ocrx_word' id='word_1_18' title='bbox 170 941 277 984; x_wconf 91' lang='lat' dir='ltr'>rorum</span> <span class='ocrx_word' id='word_1_19' title='bbox 310 923 463 985; x_wconf 82' lang='lat' dir='ltr'>noticiam</span> <span class='ocrx_word' id='word_1_20' title='bbox 497 922 610 984; x_wconf 87' lang='lat' dir='ltr'>barum</span> <span class='ocrx_word' id='word_1_21' title='bbox 642 921 722 985; x_wconf 90' lang='lat' dir='ltr'>serie</span> <span class='ocrx_word' id='word_1_22' title='bbox 751 921 901 983; x_wconf 90' lang='lat' dir='ltr'>volumus</span> <span class='ocrx_word' id='word_1_23' title='bbox 922 923 1099 1003; x_wconf 89' lang='lat' dir='ltr'>pervenire,</span> <span class='ocrx_word' id='word_1_24' title='bbox 1124 925 1212 1006; x_wconf 94' lang='lat' dir='ltr'>quod</span> <span class='ocrx_word' id='word_1_25' title='bbox 1237 925 1435 989; x_wconf 87' lang='lat' dir='ltr'>honorabilis</span> 
     </span>
     <span class='ocr_line' id='line_1_5' title="bbox 170 1026 1435 1114; baseline 0.004 -25"><span class='ocrx_word' id='word_1_26' title='bbox 170 1029 321 1090; x_wconf 86' lang='lat' dir='ltr'>dominus</span> <span class='ocrx_word' id='word_1_27' title='bbox 336 1028 475 1092; x_wconf 89' lang='lat' dir='ltr'>Michael</span> <span class='ocrx_word' id='word_1_28' title='bbox 496 1026 898 1110; x_wconf 89' lang='lat' dir='ltr'>presbiter·prebendarius</span> <span class='ocrx_word' id='word_1_29' title='bbox 915 1027 1003 1089; x_wconf 90' lang='lat' dir='ltr'>chori</span> <span class='ocrx_word' id='word_1_30' title='bbox 1020 1029 1163 1091; x_wconf 88' lang='lat' dir='ltr'>eiusdem</span> <span class='ocrx_word' id='word_1_31' title='bbox 1180 1031 1311 1093; x_wconf 82' lang='lat' dir='ltr'>ecclesie</span> <span class='ocrx_word' id='word_1_32' title='bbox 1327 1052 1435 1114; x_wconf 73' lang='lat' dir='ltr'>sagra-</span> 
     </span>
     <span class='ocr_line' id='line_1_6' title="bbox 169 1133 1435 1220; baseline 0.002 -24"><span class='ocrx_word' id='word_1_33' title='bbox 169 1135 298 1214; x_wconf 87' lang='lat' dir='ltr'>biensis,</span> <span class='ocrx_word' id='word_1_34' title='bbox 322 1134 408 1196; x_wconf 89' lang='lat' dir='ltr'>filius</span> <span class='ocrx_word' id='word_1_35' title='bbox 430 1135 578 1197; x_wconf 89' lang='lat' dir='ltr'>videlicet</span> <span class='ocrx_word' id='word_1_36' title='bbox 601 1134 720 1196; x_wconf 93' lang='lat' dir='ltr'>nobilis</span> <span class='ocrx_word' id='word_1_37' title='bbox 740 1133 877 1196; x_wconf 89' lang='lat' dir='ltr'>condam</span> <span class='ocrx_word' id='word_1_38' title='bbox 898 1133 1030 1196; x_wconf 88' lang='lat' dir='ltr'>domine</span> <span class='ocrx_word' id='word_1_39' title='bbox 1051 1137 1227 1217; x_wconf 82' lang='lat' dir='ltr'>Margarete</span> <span class='ocrx_word' id='word_1_40' title='bbox 1248 1137 1435 1220; x_wconf 83' lang='lat' dir='ltr'>Wagyczna</span> 
     </span>
     <span class='ocr_line' id='line_1_7' title="bbox 170 1239 1434 1323; baseline 0.004 -23"><span class='ocrx_word' id='word_1_41' title='bbox 170 1254 292 1321; x_wconf 91' lang='lat' dir='ltr'>vocate,</span> <span class='ocrx_word' id='word_1_42' title='bbox 317 1239 383 1304; x_wconf 89' lang='lat' dir='ltr'>filie</span> <span class='ocrx_word' id='word_1_43' title='bbox 415 1241 495 1304; x_wconf 91' lang='lat' dir='ltr'>olim</span> <span class='ocrx_word' id='word_1_44' title='bbox 525 1241 709 1318; x_wconf 89' lang='lat' dir='ltr'>Catherine,</span> <span class='ocrx_word' id='word_1_45' title='bbox 735 1241 897 1323; x_wconf 87' lang='lat' dir='ltr'>Kathycza</span> <span class='ocrx_word' id='word_1_46' title='bbox 929 1239 1023 1320; x_wconf 90' lang='lat' dir='ltr'>dicte,</span> <span class='ocrx_word' id='word_1_47' title='bbox 1047 1241 1112 1303; x_wconf 88' lang='lat' dir='ltr'>filie</span> <span class='ocrx_word' id='word_1_48' title='bbox 1144 1242 1227 1304; x_wconf 88' lang='lat' dir='ltr'>Petri</span> <span class='ocrx_word' id='word_1_49' title='bbox 1257 1242 1295 1304; x_wconf 92' lang='lat' dir='ltr'>de</span> <span class='ocrx_word' id='word_1_50' title='bbox 1320 1244 1434 1305; x_wconf 89' lang='lat' dir='ltr'>maiori</span> 
     </span>
     <span class='ocr_line' id='line_1_8' title="bbox 170 1347 1435 1432; baseline 0.002 -24"><span class='ocrx_word' id='word_1_51' title='bbox 170 1347 288 1426; x_wconf 89' lang='lat' dir='ltr'>Mlaka‚</span> <span class='ocrx_word' id='word_1_52' title='bbox 305 1348 458 1410; x_wconf 89' lang='lat' dir='ltr'>oneribus</span> <span class='ocrx_word' id='word_1_53' title='bbox 478 1361 508 1410; x_wconf 92' lang='lat' dir='ltr'>et</span> <span class='ocrx_word' id='word_1_54' title='bbox 525 1348 722 1430; x_wconf 81' lang='lat' dir='ltr'>quibuslibet</span> <span class='ocrx_word' id='word_1_55' title='bbox 737 1347 978 1429; x_wconf 83' lang='lat' dir='ltr'>gravaminibus</span> <span class='ocrx_word' id='word_1_56' title='bbox 995 1348 1217 1410; x_wconf 91' lang='lat' dir='ltr'>universorum</span> <span class='ocrx_word' id='word_1_57' title='bbox 1234 1363 1265 1410; x_wconf 90' lang='lat' dir='ltr'>et</span> <span class='ocrx_word' id='word_1_58' title='bbox 1282 1369 1435 1432; x_wconf 91' lang='lat' dir='ltr'>quorum·</span> 
     </span>
     <span class='ocr_line' id='line_1_9' title="bbox 170 1452 1436 1536; baseline 0.002 -23"><span class='ocrx_word' id='word_1_59' title='bbox 170 1453 248 1514; x_wconf 93' lang='lat' dir='ltr'>libet</span> <span class='ocrx_word' id='word_1_60' title='bbox 272 1452 416 1533; x_wconf 83' lang='lat' dir='ltr'>fratrum,</span> <span class='ocrx_word' id='word_1_61' title='bbox 439 1455 752 1535; x_wconf 83' lang='lat' dir='ltr'>consanguineorum</span> <span class='ocrx_word' id='word_1_62' title='bbox 777 1466 807 1516; x_wconf 92' lang='lat' dir='ltr'>et</span> <span class='ocrx_word' id='word_1_63' title='bbox 831 1453 1051 1536; x_wconf 84' lang='lat' dir='ltr'>proximorum</span> <span class='ocrx_word' id='word_1_64' title='bbox 1076 1473 1219 1533; x_wconf 90' lang='lat' dir='ltr'>suorum,</span> <span class='ocrx_word' id='word_1_65' title='bbox 1237 1475 1318 1536; x_wconf 94' lang='lat' dir='ltr'>quos</span> <span class='ocrx_word' id='word_1_66' title='bbox 1340 1454 1436 1516; x_wconf 80' lang='lat' dir='ltr'>intra·</span> 
     </span>
     <span class='ocr_line' id='line_1_10' title="bbox 170 1559 1435 1642; baseline 0.002 -23"><span class='ocrx_word' id='word_1_67' title='bbox 170 1560 323 1642; x_wconf 89' lang='lat' dir='ltr'>scriptum</span> <span class='ocrx_word' id='word_1_68' title='bbox 348 1561 460 1641; x_wconf 83' lang='lat' dir='ltr'>tangit,</span> <span class='ocrx_word' id='word_1_69' title='bbox 484 1574 653 1642; x_wconf 78' lang='lat' dir='ltr'>tangereve</span> <span class='ocrx_word' id='word_1_70' title='bbox 675 1573 782 1642; x_wconf 89' lang='lat' dir='ltr'>posset</span> <span class='ocrx_word' id='word_1_71' title='bbox 802 1559 1037 1641; x_wconf 90' lang='lat' dir='ltr'>quoquomodo</span> <span class='ocrx_word' id='word_1_72' title='bbox 1052 1561 1224 1640; x_wconf 81' lang='lat' dir='ltr'>negocium</span> <span class='ocrx_word' id='word_1_73' title='bbox 1243 1561 1274 1622; x_wconf 90' lang='lat' dir='ltr'>in</span> <span class='ocrx_word' id='word_1_74' title='bbox 1293 1559 1435 1622; x_wconf 85' lang='lat' dir='ltr'>futurum</span> 
     </span>
     <span class='ocr_line' id='line_1_11' title="bbox 173 1665 1437 1749; baseline 0.003 -24"><span class='ocrx_word' id='word_1_75' title='bbox 173 1665 203 1726; x_wconf 92' lang='lat' dir='ltr'>in</span> <span class='ocrx_word' id='word_1_76' title='bbox 227 1686 261 1726; x_wconf 90' lang='lat' dir='ltr'>se</span> <span class='ocrx_word' id='word_1_77' title='bbox 287 1667 392 1748; x_wconf 92' lang='lat' dir='ltr'>ipsum</span> <span class='ocrx_word' id='word_1_78' title='bbox 416 1686 473 1748; x_wconf 94' lang='lat' dir='ltr'>per</span> <span class='ocrx_word' id='word_1_79' title='bbox 493 1667 602 1728; x_wconf 92' lang='lat' dir='ltr'>omnia</span> <span class='ocrx_word' id='word_1_80' title='bbox 618 1665 787 1748; x_wconf 79' lang='lat' dir='ltr'>assumptis</span> <span class='ocrx_word' id='word_1_81' title='bbox 804 1678 835 1727; x_wconf 95' lang='lat' dir='ltr'>et</span> <span class='ocrx_word' id='word_1_82' title='bbox 851 1665 973 1744; x_wconf 84' lang='lat' dir='ltr'>levatis,</span> <span class='ocrx_word' id='word_1_83' title='bbox 991 1683 1098 1726; x_wconf 90' lang='lat' dir='ltr'>coram</span> <span class='ocrx_word' id='word_1_84' title='bbox 1116 1665 1209 1726; x_wconf 91' lang='lat' dir='ltr'>nobis</span> <span class='ocrx_word' id='word_1_85' title='bbox 1225 1667 1437 1749; x_wconf 85' lang='lat' dir='ltr'>personaliter</span> 
     </span>
     <span class='ocr_line' id='line_1_12' title="bbox 171 1766 1436 1854; baseline 0.002 -22"><span class='ocrx_word' id='word_1_86' title='bbox 171 1772 371 1851; x_wconf 90' lang='lat' dir='ltr'>constitutus,</span> <span class='ocrx_word' id='word_1_87' title='bbox 396 1786 571 1854; x_wconf 87' lang='lat' dir='ltr'>spontanea</span> <span class='ocrx_word' id='word_1_88' title='bbox 593 1786 624 1834; x_wconf 91' lang='lat' dir='ltr'>et</span> <span class='ocrx_word' id='word_1_89' title='bbox 647 1771 747 1832; x_wconf 90' lang='lat' dir='ltr'>libera</span> <span class='ocrx_word' id='word_1_90' title='bbox 771 1791 827 1832; x_wconf 89' lang='lat' dir='ltr'>sus</span> <span class='ocrx_word' id='word_1_91' title='bbox 852 1771 1027 1850; x_wconf 86' lang='lat' dir='ltr'>voluntate,</span> <span class='ocrx_word' id='word_1_92' title='bbox 1052 1766 1229 1834; x_wconf 89' lang='lat' dir='ltr'>ministerio</span> <span class='ocrx_word' id='word_1_93' title='bbox 1253 1774 1323 1834; x_wconf 91' lang='lat' dir='ltr'>vive</span> <span class='ocrx_word' id='word_1_94' title='bbox 1347 1774 1436 1835; x_wconf 86' lang='lat' dir='ltr'>vocis</span> 
     </span>
     <span class='ocr_line' id='line_1_13' title="bbox 171 1876 1436 1960; baseline 0.002 -23"><span class='ocrx_word' id='word_1_95' title='bbox 171 1876 251 1938; x_wconf 84' lang='lat' dir='ltr'>dixit</span> <span class='ocrx_word' id='word_1_96' title='bbox 274 1891 306 1940; x_wconf 90' lang='lat' dir='ltr'>et</span> <span class='ocrx_word' id='word_1_97' title='bbox 329 1876 493 1940; x_wconf 87' lang='lat' dir='ltr'>confessus</span> <span class='ocrx_word' id='word_1_98' title='bbox 517 1892 563 1940; x_wconf 90' lang='lat' dir='ltr'>est</span> <span class='ocrx_word' id='word_1_99' title='bbox 587 1880 619 1940; x_wconf 92' lang='lat' dir='ltr'>in</span> <span class='ocrx_word' id='word_1_100' title='bbox 643 1877 728 1939; x_wconf 92' lang='lat' dir='ltr'>hunc</span> <span class='ocrx_word' id='word_1_101' title='bbox 751 1877 905 1940; x_wconf 89' lang='lat' dir='ltr'>modum:</span> <span class='ocrx_word' id='word_1_102' title='bbox 930 1877 1097 1959; x_wconf 92' lang='lat' dir='ltr'>quomodo</span> <span class='ocrx_word' id='word_1_103' title='bbox 1119 1879 1186 1960; x_wconf 92' lang='lat' dir='ltr'>ipse</span> <span class='ocrx_word' id='word_1_104' title='bbox 1207 1877 1317 1940; x_wconf 86' lang='lat' dir='ltr'>divino</span> <span class='ocrx_word' id='word_1_105' title='bbox 1335 1880 1436 1959; x_wconf 83' lang='lat' dir='ltr'>magis</span> 
     </span>
     <span class='ocr_line' id='line_1_14' title="bbox 171 1982 1434 2067; baseline 0.002 -23"><span class='ocrx_word' id='word_1_106' title='bbox 171 2003 268 2064; x_wconf 88' lang='lat' dir='ltr'>quam</span> <span class='ocrx_word' id='word_1_107' title='bbox 294 1982 436 2045; x_wconf 89' lang='lat' dir='ltr'>humano</span> <span class='ocrx_word' id='word_1_108' title='bbox 461 1985 512 2067; x_wconf 92' lang='lat' dir='ltr'>pie</span> <span class='ocrx_word' id='word_1_109' title='bbox 536 1998 685 2066; x_wconf 89' lang='lat' dir='ltr'>recteque</span> <span class='ocrx_word' id='word_1_110' title='bbox 710 1984 901 2046; x_wconf 90' lang='lat' dir='ltr'>intencionis</span> <span class='ocrx_word' id='word_1_111' title='bbox 923 1984 1030 2065; x_wconf 79' lang='lat' dir='ltr'>gracia</span> <span class='ocrx_word' id='word_1_112' title='bbox 1053 1984 1182 2065; x_wconf 92' lang='lat' dir='ltr'>spiritus</span> <span class='ocrx_word' id='word_1_113' title='bbox 1202 1985 1301 2046; x_wconf 89' lang='lat' dir='ltr'>sancti</span> <span class='ocrx_word' id='word_1_114' title='bbox 1319 2003 1434 2067; x_wconf 93' lang='lat' dir='ltr'>coope-</span> 
     </span>
     <span class='ocr_line' id='line_1_15' title="bbox 171 2089 1436 2172; baseline 0.003 -22"><span class='ocrx_word' id='word_1_115' title='bbox 171 2101 259 2150; x_wconf 83' lang='lat' dir='ltr'>rante</span> <span class='ocrx_word' id='word_1_116' title='bbox 296 2103 402 2152; x_wconf 91' lang='lat' dir='ltr'>motus</span> <span class='ocrx_word' id='word_1_117' title='bbox 437 2091 598 2168; x_wconf 92' lang='lat' dir='ltr'>instinctu,</span> <span class='ocrx_word' id='word_1_118' title='bbox 631 2090 764 2172; x_wconf 89' lang='lat' dir='ltr'>cupiens</span> <span class='ocrx_word' id='word_1_119' title='bbox 798 2089 921 2152; x_wconf 78' lang='lat' dir='ltr'>ardenti</span> <span class='ocrx_word' id='word_1_120' title='bbox 953 2089 1114 2152; x_wconf 89' lang='lat' dir='ltr'>desiderio</span> <span class='ocrx_word' id='word_1_121' title='bbox 1144 2109 1211 2168; x_wconf 90' lang='lat' dir='ltr'>sue,</span> <span class='ocrx_word' id='word_1_122' title='bbox 1239 2109 1436 2172; x_wconf 91' lang='lat' dir='ltr'>suorumque</span> 
     </span>
     <span class='ocr_line' id='line_1_16' title="bbox 170 2195 1434 2279; baseline 0.002 -23"><span class='ocrx_word' id='word_1_123' title='bbox 170 2195 433 2276; x_wconf 80' lang='lat' dir='ltr'>predecessorum</span> <span class='ocrx_word' id='word_1_124' title='bbox 457 2211 626 2279; x_wconf 88' lang='lat' dir='ltr'>parentum</span> <span class='ocrx_word' id='word_1_125' title='bbox 649 2196 743 2258; x_wconf 91' lang='lat' dir='ltr'>saluti</span> <span class='ocrx_word' id='word_1_126' title='bbox 768 2196 945 2274; x_wconf 89' lang='lat' dir='ltr'>consulere,</span> <span class='ocrx_word' id='word_1_127' title='bbox 970 2209 1001 2257; x_wconf 90' lang='lat' dir='ltr'>et</span> <span class='ocrx_word' id='word_1_128' title='bbox 1025 2195 1064 2257; x_wconf 90' lang='lat' dir='ltr'>de</span> <span class='ocrx_word' id='word_1_129' title='bbox 1082 2196 1176 2257; x_wconf 92' lang='lat' dir='ltr'>bonis</span> <span class='ocrx_word' id='word_1_130' title='bbox 1192 2196 1434 2279; x_wconf 85' lang='lat' dir='ltr'>temporalibus,</span> 
     </span>
     <span class='ocr_line' id='line_1_17' title="bbox 172 2301 1436 2385; baseline 0 -23"><span class='ocrx_word' id='word_1_131' title='bbox 172 2322 234 2382; x_wconf 92' lang='lat' dir='ltr'>que</span> <span class='ocrx_word' id='word_1_132' title='bbox 270 2301 376 2364; x_wconf 92' lang='lat' dir='ltr'>eidem</span> <span class='ocrx_word' id='word_1_133' title='bbox 401 2303 510 2385; x_wconf 73' lang='lat' dir='ltr'>divina</span> <span class='ocrx_word' id='word_1_134' title='bbox 539 2303 675 2365; x_wconf 91' lang='lat' dir='ltr'>contulit</span> <span class='ocrx_word' id='word_1_135' title='bbox 699 2302 883 2379; x_wconf 87' lang='lat' dir='ltr'>clemencia,</span> <span class='ocrx_word' id='word_1_136' title='bbox 907 2321 963 2384; x_wconf 91' lang='lat' dir='ltr'>per</span> <span class='ocrx_word' id='word_1_137' title='bbox 986 2301 1163 2364; x_wconf 91' lang='lat' dir='ltr'>eorundem</span> <span class='ocrx_word' id='word_1_138' title='bbox 1188 2303 1348 2363; x_wconf 90' lang='lat' dir='ltr'>bonorum</span> <span class='ocrx_word' id='word_1_139' title='bbox 1373 2301 1436 2363; x_wconf 92' lang='lat' dir='ltr'>dis·</span> 
     </span>
     <span class='ocr_line' id='line_1_18' title="bbox 170 2405 1434 2490; baseline 0.002 -22"><span class='ocrx_word' id='word_1_140' title='bbox 170 2408 371 2489; x_wconf 89' lang='lat' dir='ltr'>posicionem</span> <span class='ocrx_word' id='word_1_141' title='bbox 393 2427 451 2490; x_wconf 94' lang='lat' dir='ltr'>pro</span> <span class='ocrx_word' id='word_1_142' title='bbox 473 2410 605 2472; x_wconf 92' lang='lat' dir='ltr'>terrenis</span> <span class='ocrx_word' id='word_1_143' title='bbox 625 2421 655 2471; x_wconf 92' lang='lat' dir='ltr'>et</span> <span class='ocrx_word' id='word_1_144' title='bbox 677 2405 865 2470; x_wconf 87' lang='lat' dir='ltr'>tr&#39;ansitoriis</span> <span class='ocrx_word' id='word_1_145' title='bbox 882 2407 1008 2470; x_wconf 89' lang='lat' dir='ltr'>celestia</span> <span class='ocrx_word' id='word_1_146' title='bbox 1026 2420 1233 2487; x_wconf 89' lang='lat' dir='ltr'>commutare,</span> <span class='ocrx_word' id='word_1_147' title='bbox 1250 2409 1310 2469; x_wconf 90' lang='lat' dir='ltr'>sibi</span> <span class='ocrx_word' id='word_1_148' title='bbox 1328 2423 1434 2470; x_wconf 91' lang='lat' dir='ltr'>eterne</span> 
     </span>
     <span class='ocr_line' id='line_1_19' title="bbox 171 2514 1437 2598; baseline 0 -22"><span class='ocrx_word' id='word_1_149' title='bbox 171 2514 288 2595; x_wconf 89' lang='lat' dir='ltr'>quietis</span> <span class='ocrx_word' id='word_1_150' title='bbox 311 2515 420 2577; x_wconf 89' lang='lat' dir='ltr'>locum</span> <span class='ocrx_word' id='word_1_151' title='bbox 441 2515 473 2576; x_wconf 90' lang='lat' dir='ltr'>in</span> <span class='ocrx_word' id='word_1_152' title='bbox 494 2517 648 2598; x_wconf 89' lang='lat' dir='ltr'>presentis</span> <span class='ocrx_word' id='word_1_153' title='bbox 668 2535 777 2577; x_wconf 90' lang='lat' dir='ltr'>cursus</span> <span class='ocrx_word' id='word_1_154' title='bbox 796 2515 907 2577; x_wconf 89' lang='lat' dir='ltr'>itinere</span> <span class='ocrx_word' id='word_1_155' title='bbox 925 2534 1105 2596; x_wconf 89' lang='lat' dir='ltr'>procurare,</span> <span class='ocrx_word' id='word_1_156' title='bbox 1122 2515 1235 2576; x_wconf 91' lang='lat' dir='ltr'>totales</span> <span class='ocrx_word' id='word_1_157' title='bbox 1252 2527 1282 2576; x_wconf 93' lang='lat' dir='ltr'>et</span> <span class='ocrx_word' id='word_1_158' title='bbox 1299 2515 1437 2596; x_wconf 85' lang='lat' dir='ltr'>integras</span> 
     </span>
     <span class='ocr_line' id='line_1_20' title="bbox 172 2620 1436 2703; baseline 0.001 -22"><span class='ocrx_word' id='word_1_159' title='bbox 172 2620 343 2701; x_wconf 85' lang='lat' dir='ltr'>porciones</span> <span class='ocrx_word' id='word_1_160' title='bbox 374 2639 447 2682; x_wconf 90' lang='lat' dir='ltr'>suas</span> <span class='ocrx_word' id='word_1_161' title='bbox 473 2621 739 2703; x_wconf 88' lang='lat' dir='ltr'>possessionarias</span> <span class='ocrx_word' id='word_1_162' title='bbox 763 2621 794 2681; x_wconf 94' lang='lat' dir='ltr'>in</span> <span class='ocrx_word' id='word_1_163' title='bbox 819 2620 1074 2702; x_wconf 88' lang='lat' dir='ltr'>possessionibus</span> <span class='ocrx_word' id='word_1_164' title='bbox 1098 2621 1210 2684; x_wconf 90' lang='lat' dir='ltr'>maiori</span> <span class='ocrx_word' id='word_1_165' title='bbox 1237 2620 1343 2682; x_wconf 89' lang='lat' dir='ltr'>Mlaka</span> <span class='ocrx_word' id='word_1_166' title='bbox 1367 2641 1436 2703; x_wconf 91' lang='lat' dir='ltr'>pre·</span> 
     </span>
     <span class='ocr_line' id='line_1_21' title="bbox 171 2726 1436 2808; baseline 0.002 -22"><span class='ocrx_word' id='word_1_167' title='bbox 171 2726 265 2804; x_wconf 86' lang='lat' dir='ltr'>dicta,</span> <span class='ocrx_word' id='word_1_168' title='bbox 287 2746 346 2788; x_wconf 90' lang='lat' dir='ltr'>nec</span> <span class='ocrx_word' id='word_1_169' title='bbox 370 2747 434 2788; x_wconf 90' lang='lat' dir='ltr'>non</span> <span class='ocrx_word' id='word_1_170' title='bbox 460 2727 556 2790; x_wconf 90' lang='lat' dir='ltr'>Plezo</span> <span class='ocrx_word' id='word_1_171' title='bbox 581 2741 611 2789; x_wconf 89' lang='lat' dir='ltr'>et</span> <span class='ocrx_word' id='word_1_172' title='bbox 634 2727 741 2790; x_wconf 91' lang='lat' dir='ltr'>Kooth</span> <span class='ocrx_word' id='word_1_173' title='bbox 763 2727 795 2788; x_wconf 93' lang='lat' dir='ltr'>in</span> <span class='ocrx_word' id='word_1_174' title='bbox 817 2726 1034 2808; x_wconf 85' lang='lat' dir='ltr'>Rakytbowcz</span> <span class='ocrx_word' id='word_1_175' title='bbox 1055 2727 1186 2805; x_wconf 88' lang='lat' dir='ltr'>vocatis,</span> <span class='ocrx_word' id='word_1_176' title='bbox 1204 2727 1234 2788; x_wconf 91' lang='lat' dir='ltr'>in</span> <span class='ocrx_word' id='word_1_177' title='bbox 1253 2740 1322 2788; x_wconf 89' lang='lat' dir='ltr'>toto</span> <span class='ocrx_word' id='word_1_178' title='bbox 1339 2747 1436 2789; x_wconf 89' lang='lat' dir='ltr'>unam</span> 
     </span>
     <span class='ocr_line' id='line_1_22' title="bbox 171 2821 1435 2914; baseline 0.002 -21"><span class='ocrx_word' id='word_1_179' title='bbox 171 2821 299 2894; x_wconf 46' lang='lat' dir='ltr'>curiam*</span> <span class='ocrx_word' id='word_1_180' title='bbox 329 2833 532 2895; x_wconf 89' lang='lat' dir='ltr'>nobilitarem</span> <span class='ocrx_word' id='word_1_181' title='bbox 563 2846 593 2897; x_wconf 91' lang='lat' dir='ltr'>et</span> <span class='ocrx_word' id='word_1_182' title='bbox 625 2853 721 2895; x_wconf 90' lang='lat' dir='ltr'>unam</span> <span class='ocrx_word' id='word_1_183' title='bbox 752 2833 927 2894; x_wconf 89' lang='lat' dir='ltr'>sessionem</span> <span class='ocrx_word' id='word_1_184' title='bbox 959 2831 1198 2914; x_wconf 81' lang='lat' dir='ltr'>jobagionalem</span> <span class='ocrx_word' id='word_1_185' title='bbox 1231 2833 1435 2914; x_wconf 87' lang='lat' dir='ltr'>populosam,</span> 
     </span>
     <span class='ocr_line' id='line_1_23' title="bbox 170 2935 1434 3020; baseline 0.002 -22"><span class='ocrx_word' id='word_1_186' title='bbox 170 2937 202 2998; x_wconf 92' lang='lat' dir='ltr'>in</span> <span class='ocrx_word' id='word_1_187' title='bbox 227 2958 291 3019; x_wconf 89' lang='lat' dir='ltr'>qua</span> <span class='ocrx_word' id='word_1_188' title='bbox 315 2957 401 3000; x_wconf 92' lang='lat' dir='ltr'>nunc</span> <span class='ocrx_word' id='word_1_189' title='bbox 426 2938 557 3019; x_wconf 89' lang='lat' dir='ltr'>quidam</span> <span class='ocrx_word' id='word_1_190' title='bbox 584 2937 776 3020; x_wconf 79' lang='lat' dir='ltr'>Swgowych</span> <span class='ocrx_word' id='word_1_191' title='bbox 798 2937 1008 2999; x_wconf 81' lang='lat' dir='ltr'>residentiam</span> <span class='ocrx_word' id='word_1_192' title='bbox 1032 2935 1149 2998; x_wconf 85' lang='lat' dir='ltr'>laceret</span> <span class='ocrx_word' id='word_1_193' title='bbox 1172 2937 1374 3019; x_wconf 88' lang='lat' dir='ltr'>personalem</span> <span class='ocrx_word' id='word_1_194' title='bbox 1403 2939 1434 3000; x_wconf 92' lang='lat' dir='ltr'>in</span> 
     </span>
     <span class='ocr_line' id='line_1_24' title="bbox 170 3041 1436 3124; baseline 0.003 -22"><span class='ocrx_word' id='word_1_195' title='bbox 170 3043 283 3106; x_wconf 88' lang='lat' dir='ltr'>eadem</span> <span class='ocrx_word' id='word_1_196' title='bbox 309 3045 423 3105; x_wconf 89' lang='lat' dir='ltr'>maiori</span> <span class='ocrx_word' id='word_1_197' title='bbox 449 3043 572 3120; x_wconf 87' lang='lat' dir='ltr'>Mlaka;</span> <span class='ocrx_word' id='word_1_198' title='bbox 597 3045 673 3105; x_wconf 88' lang='lat' dir='ltr'>item</span> <span class='ocrx_word' id='word_1_199' title='bbox 697 3063 794 3106; x_wconf 90' lang='lat' dir='ltr'>unam</span> <span class='ocrx_word' id='word_1_200' title='bbox 816 3043 990 3104; x_wconf 88' lang='lat' dir='ltr'>sessionem</span> <span class='ocrx_word' id='word_1_201' title='bbox 1011 3041 1250 3124; x_wconf 80' lang='lat' dir='ltr'>jobagionalem</span> <span class='ocrx_word' id='word_1_202' title='bbox 1267 3043 1436 3124; x_wconf 88' lang='lat' dir='ltr'>desertam,</span> 
     </span>
     <span class='ocr_line' id='line_1_25' title="bbox 170 3146 1435 3230; baseline 0.001 -21"><span class='ocrx_word' id='word_1_203' title='bbox 170 3149 202 3209; x_wconf 93' lang='lat' dir='ltr'>in</span> <span class='ocrx_word' id='word_1_204' title='bbox 227 3169 291 3230; x_wconf 89' lang='lat' dir='ltr'>qua</span> <span class='ocrx_word' id='word_1_205' title='bbox 315 3149 395 3210; x_wconf 91' lang='lat' dir='ltr'>alias</span> <span class='ocrx_word' id='word_1_206' title='bbox 418 3149 607 3212; x_wconf 89' lang='lat' dir='ltr'>Valentinus</span> <span class='ocrx_word' id='word_1_207' title='bbox 631 3149 800 3211; x_wconf 88' lang='lat' dir='ltr'>Thercbak</span> <span class='ocrx_word' id='word_1_208' title='bbox 825 3159 1041 3210; x_wconf 89' lang='lat' dir='ltr'>commoratus</span> <span class='ocrx_word' id='word_1_209' title='bbox 1065 3146 1175 3209; x_wconf 83' lang='lat' dir='ltr'>fuisset</span> <span class='ocrx_word' id='word_1_210' title='bbox 1196 3148 1227 3208; x_wconf 93' lang='lat' dir='ltr'>in</span> <span class='ocrx_word' id='word_1_211' title='bbox 1252 3147 1356 3228; x_wconf 90' lang='lat' dir='ltr'>Pleso,</span> <span class='ocrx_word' id='word_1_212' title='bbox 1377 3169 1435 3211; x_wconf 92' lang='lat' dir='ltr'>nec</span> 
     </span>
     <span class='ocr_line' id='line_1_26' title="bbox 171 3233 1436 3338; baseline 0.001 -23"><span class='ocrx_word' id='word_1_213' title='bbox 171 3274 235 3316; x_wconf 89' lang='lat' dir='ltr'>non</span> <span class='ocrx_word' id='word_1_214' title='bbox 270 3275 369 3316; x_wconf 85' lang='lat' dir='ltr'>unam</span> <span class='ocrx_word' id='word_1_215' title='bbox 400 3255 574 3318; x_wconf 87' lang='lat' dir='ltr'>sessionem</span> <span class='ocrx_word' id='word_1_216' title='bbox 608 3233 847 3338; x_wconf 74' lang='lat' dir='ltr'>jobagionaleni</span> <span class='ocrx_word' id='word_1_217' title='bbox 878 3255 1070 3338; x_wconf 88' lang='lat' dir='ltr'>populosam</span> <span class='ocrx_word' id='word_1_218' title='bbox 1102 3253 1210 3316; x_wconf 83' lang='lat' dir='ltr'>Kooth</span> <span class='ocrx_word' id='word_1_219' title='bbox 1241 3254 1370 3336; x_wconf 90' lang='lat' dir='ltr'>dictam,</span> <span class='ocrx_word' id='word_1_220' title='bbox 1404 3255 1436 3316; x_wconf 92' lang='lat' dir='ltr'>in</span> 
     </span>
     <span class='ocr_line' id='line_1_27' title="bbox 171 3359 1436 3445; baseline 0.002 -23"><span class='ocrx_word' id='word_1_221' title='bbox 171 3381 234 3442; x_wconf 90' lang='lat' dir='ltr'>qua</span> <span class='ocrx_word' id='word_1_222' title='bbox 274 3361 465 3424; x_wconf 90' lang='lat' dir='ltr'>Valentinus</span> <span class='ocrx_word' id='word_1_223' title='bbox 504 3377 534 3425; x_wconf 90' lang='lat' dir='ltr'>et</span> <span class='ocrx_word' id='word_1_224' title='bbox 573 3361 723 3445; x_wconf 84' lang='lat' dir='ltr'>Wychlto</span> <span class='ocrx_word' id='word_1_225' title='bbox 760 3361 955 3444; x_wconf 89' lang='lat' dir='ltr'>Hladwsych</span> <span class='ocrx_word' id='word_1_226' title='bbox 995 3361 1109 3440; x_wconf 88' lang='lat' dir='ltr'>vocati,</span> <span class='ocrx_word' id='word_1_227' title='bbox 1149 3359 1260 3423; x_wconf 85' lang='lat' dir='ltr'>fratres</span> <span class='ocrx_word' id='word_1_228' title='bbox 1294 3363 1436 3425; x_wconf 89' lang='lat' dir='ltr'>carnales</span> 
     </span>
     <span class='ocr_line' id='line_1_28' title="bbox 171 3465 1437 3551; baseline 0 -23"><span class='ocrx_word' id='word_1_229' title='bbox 171 3465 351 3530; x_wconf 91' lang='lat' dir='ltr'>babitarent</span> <span class='ocrx_word' id='word_1_230' title='bbox 383 3469 415 3529; x_wconf 93' lang='lat' dir='ltr'>in</span> <span class='ocrx_word' id='word_1_231' title='bbox 440 3467 669 3551; x_wconf 84' lang='lat' dir='ltr'>Rakythowcz,</span> <span class='ocrx_word' id='word_1_232' title='bbox 692 3467 947 3551; x_wconf 87' lang='lat' dir='ltr'>possessionibus</span> <span class='ocrx_word' id='word_1_233' title='bbox 974 3467 1206 3549; x_wconf 89' lang='lat' dir='ltr'>prenominatis</span> <span class='ocrx_word' id='word_1_234' title='bbox 1238 3465 1437 3547; x_wconf 82' lang='lat' dir='ltr'>facientibus,</span> 
     </span>
     <span class='ocr_line' id='line_1_29' title="bbox 170 3571 1436 3655; baseline 0 -21"><span class='ocrx_word' id='word_1_235' title='bbox 170 3575 307 3634; x_wconf 91' lang='lat' dir='ltr'>omnino</span> <span class='ocrx_word' id='word_1_236' title='bbox 341 3573 373 3634; x_wconf 93' lang='lat' dir='ltr'>in</span> <span class='ocrx_word' id='word_1_237' title='bbox 402 3574 556 3636; x_wconf 88' lang='lat' dir='ltr'>comitatu</span> <span class='ocrx_word' id='word_1_238' title='bbox 581 3573 779 3655; x_wconf 83' lang='lat' dir='ltr'>zagrabiensi</span> <span class='ocrx_word' id='word_1_239' title='bbox 804 3573 1011 3635; x_wconf 89' lang='lat' dir='ltr'>existentibus</span> <span class='ocrx_word' id='word_1_240' title='bbox 1035 3585 1065 3634; x_wconf 90' lang='lat' dir='ltr'>et</span> <span class='ocrx_word' id='word_1_241' title='bbox 1087 3571 1214 3651; x_wconf 85' lang='lat' dir='ltr'>habitis,</span> <span class='ocrx_word' id='word_1_242' title='bbox 1240 3573 1344 3654; x_wconf 89' lang='lat' dir='ltr'>ipsum</span> <span class='ocrx_word' id='word_1_243' title='bbox 1369 3572 1436 3654; x_wconf 85' lang='lat' dir='ltr'>jure</span> 
     </span>
     <span class='ocr_line' id='line_1_30' title="bbox 171 3676 1436 3759; baseline 0 -19"><span class='ocrx_word' id='word_1_244' title='bbox 171 3679 366 3742; x_wconf 91' lang='lat' dir='ltr'>hereditario</span> <span class='ocrx_word' id='word_1_245' title='bbox 399 3680 676 3759; x_wconf 90' lang='lat' dir='ltr'>concernentibus,</span> <span class='ocrx_word' id='word_1_246' title='bbox 699 3679 795 3740; x_wconf 90' lang='lat' dir='ltr'>simul</span> <span class='ocrx_word' id='word_1_247' title='bbox 828 3697 901 3740; x_wconf 93' lang='lat' dir='ltr'>cum</span> <span class='ocrx_word' id='word_1_248' title='bbox 932 3678 1053 3740; x_wconf 91' lang='lat' dir='ltr'>cunctis</span> <span class='ocrx_word' id='word_1_249' title='bbox 1084 3676 1259 3738; x_wconf 87' lang='lat' dir='ltr'>earundem</span> <span class='ocrx_word' id='word_1_250' title='bbox 1288 3677 1436 3740; x_wconf 87' lang='lat' dir='ltr'>toralium</span> 
     </span>
     <span class='ocr_line' id='line_1_31' title="bbox 171 3783 1435 3869; baseline -0.003 -21"><span class='ocrx_word' id='word_1_251' title='bbox 171 3787 363 3867; x_wconf 83' lang='lat' dir='ltr'>portionum</span> <span class='ocrx_word' id='word_1_252' title='bbox 396 3785 728 3869; x_wconf 87' lang='lat' dir='ltr'>possessionariarum,</span> <span class='ocrx_word' id='word_1_253' title='bbox 761 3786 847 3848; x_wconf 91' lang='lat' dir='ltr'>curie</span> <span class='ocrx_word' id='word_1_254' title='bbox 882 3784 1032 3846; x_wconf 90' lang='lat' dir='ltr'>videlicet</span> <span class='ocrx_word' id='word_1_255' title='bbox 1066 3783 1245 3844; x_wconf 89' lang='lat' dir='ltr'>nobilitaris</span> <span class='ocrx_word' id='word_1_256' title='bbox 1278 3797 1309 3844; x_wconf 90' lang='lat' dir='ltr'>et</span> <span class='ocrx_word' id='word_1_257' title='bbox 1339 3783 1435 3845; x_wconf 89' lang='lat' dir='ltr'>trium</span> 
     </span>
     <span class='ocr_line' id='line_1_32' title="bbox 170 3889 1434 3974; baseline -0.003 -21"><span class='ocrx_word' id='word_1_258' title='bbox 170 3893 352 3954; x_wconf 90' lang='lat' dir='ltr'>sessionum</span> <span class='ocrx_word' id='word_1_259' title='bbox 376 3892 629 3974; x_wconf 83' lang='lat' dir='ltr'>jobagionalium</span> <span class='ocrx_word' id='word_1_260' title='bbox 654 3892 869 3974; x_wconf 90' lang='lat' dir='ltr'>predictarum</span> <span class='ocrx_word' id='word_1_261' title='bbox 893 3891 1093 3968; x_wconf 90' lang='lat' dir='ltr'>utilitatibus,</span> <span class='ocrx_word' id='word_1_262' title='bbox 1111 3889 1384 3950; x_wconf 88' lang='lat' dir='ltr'>fructuositatibus</span> <span class='ocrx_word' id='word_1_263' title='bbox 1404 3901 1434 3950; x_wconf 91' lang='lat' dir='ltr'>et</span> 
     </span>
     <span class='ocr_line' id='line_1_33' title="bbox 171 3995 1437 4082; baseline -0.005 -22"><span class='ocrx_word' id='word_1_264' title='bbox 171 3999 377 4082; x_wconf 89' lang='lat' dir='ltr'>pertinenciis</span> <span class='ocrx_word' id='word_1_265' title='bbox 410 3999 616 4081; x_wconf 90' lang='lat' dir='ltr'>quibuslibet,</span> <span class='ocrx_word' id='word_1_266' title='bbox 640 3999 730 4062; x_wconf 90' lang='lat' dir='ltr'>terris</span> <span class='ocrx_word' id='word_1_267' title='bbox 761 4011 872 4080; x_wconf 91' lang='lat' dir='ltr'>utputa</span> <span class='ocrx_word' id='word_1_268' title='bbox 905 3995 1079 4058; x_wconf 88' lang='lat' dir='ltr'>arabilibus</span> <span class='ocrx_word' id='word_1_269' title='bbox 1112 3995 1204 4056; x_wconf 91' lang='lat' dir='ltr'>cultis</span> <span class='ocrx_word' id='word_1_270' title='bbox 1235 4007 1266 4056; x_wconf 89' lang='lat' dir='ltr'>et</span> <span class='ocrx_word' id='word_1_271' title='bbox 1298 3995 1437 4074; x_wconf 88' lang='lat' dir='ltr'>incultis,</span> 
     </span>
     <span class='ocr_line' id='line_1_34' title="bbox 171 4100 1437 4188; baseline -0.006 -21"><span class='ocrx_word' id='word_1_272' title='bbox 171 4106 267 4188; x_wconf 85' lang='lat' dir='ltr'>agris,</span> <span class='ocrx_word' id='word_1_273' title='bbox 299 4106 407 4187; x_wconf 89' lang='lat' dir='ltr'>pratis,</span> <span class='ocrx_word' id='word_1_274' title='bbox 440 4105 570 4187; x_wconf 89' lang='lat' dir='ltr'>campis,</span> <span class='ocrx_word' id='word_1_275' title='bbox 602 4105 699 4184; x_wconf 91' lang='lat' dir='ltr'>silvis,</span> <span class='ocrx_word' id='word_1_276' title='bbox 729 4104 925 4182; x_wconf 87' lang='lat' dir='ltr'>nemoribus,</span> <span class='ocrx_word' id='word_1_277' title='bbox 953 4103 1129 4180; x_wconf 90' lang='lat' dir='ltr'>montibus,</span> <span class='ocrx_word' id='word_1_278' title='bbox 1153 4100 1300 4178; x_wconf 90' lang='lat' dir='ltr'>vallibus,</span> <span class='ocrx_word' id='word_1_279' title='bbox 1325 4100 1437 4179; x_wconf 89' lang='lat' dir='ltr'>vineis,</span> 
     </span>
     <span class='ocr_line' id='line_1_35' title="bbox 170 4206 1436 4293; baseline -0.006 -21"><span class='ocrx_word' id='word_1_280' title='bbox 170 4212 402 4292; x_wconf 83' lang='lat' dir='ltr'>vinearumque</span> <span class='ocrx_word' id='word_1_281' title='bbox 426 4211 664 4293; x_wconf 89' lang='lat' dir='ltr'>promontoriis,</span> <span class='ocrx_word' id='word_1_282' title='bbox 689 4209 884 4272; x_wconf 90' lang='lat' dir='ltr'>molendinis</span> <span class='ocrx_word' id='word_1_283' title='bbox 909 4222 939 4270; x_wconf 94' lang='lat' dir='ltr'>et</span> <span class='ocrx_word' id='word_1_284' title='bbox 963 4227 1075 4270; x_wconf 91' lang='lat' dir='ltr'>eorum</span> <span class='ocrx_word' id='word_1_285' title='bbox 1100 4207 1188 4286; x_wconf 91' lang='lat' dir='ltr'>locis,</span> <span class='ocrx_word' id='word_1_286' title='bbox 1212 4206 1314 4287; x_wconf 91' lang='lat' dir='ltr'>aquis,</span> <span class='ocrx_word' id='word_1_287' title='bbox 1339 4225 1436 4286; x_wconf 93' lang='lat' dir='ltr'>aqua·</span> 
     </span>
     <span class='ocr_line' id='line_1_36' title="bbox 170 4312 1436 4400; baseline -0.006 -20"><span class='ocrx_word' id='word_1_288' title='bbox 170 4335 309 4400; x_wconf 88' lang='lat' dir='ltr'>rumque</span> <span class='ocrx_word' id='word_1_289' title='bbox 342 4317 538 4396; x_wconf 90' lang='lat' dir='ltr'>decursibus,</span> <span class='ocrx_word' id='word_1_290' title='bbox 571 4317 710 4399; x_wconf 88' lang='lat' dir='ltr'>piscinis,</span> <span class='ocrx_word' id='word_1_291' title='bbox 744 4316 920 4397; x_wconf 91' lang='lat' dir='ltr'>piscaturis,</span> <span class='ocrx_word' id='word_1_292' title='bbox 948 4315 1125 4397; x_wconf 83' lang='lat' dir='ltr'>pisciumve</span> <span class='ocrx_word' id='word_1_293' title='bbox 1151 4312 1315 4391; x_wconf 86' lang='lat' dir='ltr'>clausuris,</span> <span class='ocrx_word' id='word_1_294' title='bbox 1339 4331 1436 4392; x_wconf 83' lang='lat' dir='ltr'>gene-</span> 
     </span>
     <span class='ocr_line' id='line_1_37' title="bbox 170 4418 1435 4505; baseline -0.005 -20"><span class='ocrx_word' id='word_1_295' title='bbox 170 4424 280 4486; x_wconf 90' lang='lat' dir='ltr'>raliter</span> <span class='ocrx_word' id='word_1_296' title='bbox 303 4443 379 4485; x_wconf 86' lang='lat' dir='ltr'>vero</span> <span class='ocrx_word' id='word_1_297' title='bbox 403 4423 620 4505; x_wconf 88' lang='lat' dir='ltr'>quarumlibet</span> <span class='ocrx_word' id='word_1_298' title='bbox 643 4423 818 4484; x_wconf 89' lang='lat' dir='ltr'>utilitatum</span> <span class='ocrx_word' id='word_1_299' title='bbox 843 4435 874 4483; x_wconf 93' lang='lat' dir='ltr'>et</span> <span class='ocrx_word' id='word_1_300' title='bbox 898 4421 1166 4503; x_wconf 90' lang='lat' dir='ltr'>pertinenciarum</span> <span class='ocrx_word' id='word_1_301' title='bbox 1191 4418 1435 4500; x_wconf 87' lang='lat' dir='ltr'>integritatibus,</span> 
     </span>
     <span class='ocr_line' id='line_1_38' title="bbox 170 4524 1437 4611; baseline -0.005 -21"><span class='ocrx_word' id='word_1_302' title='bbox 170 4531 288 4611; x_wconf 91' lang='lat' dir='ltr'>quovis</span> <span class='ocrx_word' id='word_1_303' title='bbox 311 4530 452 4591; x_wconf 90' lang='lat' dir='ltr'>nominis</span> <span class='ocrx_word' id='word_1_304' title='bbox 475 4529 635 4590; x_wconf 86' lang='lat' dir='ltr'>vocabulo</span> <span class='ocrx_word' id='word_1_305' title='bbox 656 4529 800 4590; x_wconf 90' lang='lat' dir='ltr'>vocitatis</span> <span class='ocrx_word' id='word_1_306' title='bbox 824 4527 863 4588; x_wconf 93' lang='lat' dir='ltr'>ad</span> <span class='ocrx_word' id='word_1_307' title='bbox 888 4525 1015 4588; x_wconf 91' lang='lat' dir='ltr'>easdem</span> <span class='ocrx_word' id='word_1_308' title='bbox 1041 4525 1080 4586; x_wconf 92' lang='lat' dir='ltr'>de</span> <span class='ocrx_word' id='word_1_309' title='bbox 1105 4525 1172 4606; x_wconf 88' lang='lat' dir='ltr'>jure</span> <span class='ocrx_word' id='word_1_310' title='bbox 1196 4539 1226 4586; x_wconf 90' lang='lat' dir='ltr'>et</span> <span class='ocrx_word' id='word_1_311' title='bbox 1247 4526 1287 4586; x_wconf 90' lang='lat' dir='ltr'>ab</span> <span class='ocrx_word' id='word_1_312' title='bbox 1304 4524 1437 4604; x_wconf 88' lang='lat' dir='ltr'>antiquo</span> 
     </span>
     <span class='ocr_line' id='line_1_39' title="bbox 170 4611 1439 4718; baseline -0.006 -21"><span class='ocrx_word' id='word_1_313' title='bbox 170 4635 389 4718; x_wconf 88' lang='lat' dir='ltr'>spectantibus</span> <span class='ocrx_word' id='word_1_314' title='bbox 428 4611 460 4697; x_wconf 77' lang='lat' dir='ltr'>et</span> <span class='ocrx_word' id='word_1_315' title='bbox 494 4636 652 4717; x_wconf 89' lang='lat' dir='ltr'>pertinere</span> <span class='ocrx_word' id='word_1_316' title='bbox 688 4633 889 4710; x_wconf 90' lang='lat' dir='ltr'>debentibus,</span> <span class='ocrx_word' id='word_1_317' title='bbox 921 4634 980 4693; x_wconf 91' lang='lat' dir='ltr'>sub</span> <span class='ocrx_word' id='word_1_318' title='bbox 1017 4631 1191 4693; x_wconf 89' lang='lat' dir='ltr'>earundem</span> <span class='ocrx_word' id='word_1_319' title='bbox 1228 4631 1311 4692; x_wconf 90' lang='lat' dir='ltr'>veris</span> <span class='ocrx_word' id='word_1_320' title='bbox 1345 4629 1439 4690; x_wconf 91' lang='lat' dir='ltr'>metis</span> 
     </span>
     <span class='ocr_line' id='line_1_40' title="bbox 170 4733 1437 4822; baseline -0.006 -19"><span class='ocrx_word' id='word_1_321' title='bbox 170 4755 202 4803; x_wconf 93' lang='lat' dir='ltr'>et</span> <span class='ocrx_word' id='word_1_322' title='bbox 233 4742 374 4822; x_wconf 87' lang='lat' dir='ltr'>antiquis</span> <span class='ocrx_word' id='word_1_323' title='bbox 407 4741 562 4802; x_wconf 88' lang='lat' dir='ltr'>limitibus</span> <span class='ocrx_word' id='word_1_324' title='bbox 594 4760 647 4801; x_wconf 89' lang='lat' dir='ltr'>are</span> <span class='ocrx_word' id='word_1_325' title='bbox 677 4752 784 4802; x_wconf 87' lang='lat' dir='ltr'>sancte</span> <span class='ocrx_word' id='word_1_326' title='bbox 808 4751 839 4800; x_wconf 91' lang='lat' dir='ltr'>et</span> <span class='ocrx_word' id='word_1_327' title='bbox 863 4737 1028 4800; x_wconf 89' lang='lat' dir='ltr'>individue</span> <span class='ocrx_word' id='word_1_328' title='bbox 1053 4737 1222 4799; x_wconf 90' lang='lat' dir='ltr'>Trinitatis</span> <span class='ocrx_word' id='word_1_329' title='bbox 1246 4735 1278 4798; x_wconf 92' lang='lat' dir='ltr'>in</span> <span class='ocrx_word' id='word_1_330' title='bbox 1303 4733 1437 4796; x_wconf 91' lang='lat' dir='ltr'>ecclesia</span> 
     </span>
     <span class='ocr_line' id='line_1_41' title="bbox 170 4844 1437 4928; baseline -0.007 -18"><span class='ocrx_word' id='word_1_331' title='bbox 170 4861 280 4910; x_wconf 88' lang='lat' dir='ltr'>nostra</span> <span class='ocrx_word' id='word_1_332' title='bbox 296 4845 469 4908; x_wconf 89' lang='lat' dir='ltr'>cathedrali</span> <span class='ocrx_word' id='word_1_333' title='bbox 494 4845 692 4928; x_wconf 81' lang='lat' dir='ltr'>zagrabiensi</span> <span class='ocrx_word' id='word_1_334' title='bbox 717 4858 895 4907; x_wconf 90' lang='lat' dir='ltr'>constructe</span> <span class='ocrx_word' id='word_1_335' title='bbox 920 4857 950 4905; x_wconf 94' lang='lat' dir='ltr'>et</span> <span class='ocrx_word' id='word_1_336' title='bbox 974 4844 1080 4905; x_wconf 92' lang='lat' dir='ltr'>habite</span> <span class='ocrx_word' id='word_1_337' title='bbox 1105 4857 1135 4904; x_wconf 91' lang='lat' dir='ltr'>et</span> <span class='ocrx_word' id='word_1_338' title='bbox 1159 4862 1215 4924; x_wconf 94' lang='lat' dir='ltr'>per</span> <span class='ocrx_word' id='word_1_339' title='bbox 1237 4860 1437 4921; x_wconf 89' lang='lat' dir='ltr'>consequens</span> 
     </span>
     <span class='ocr_line' id='line_1_42' title="bbox 170 4945 1437 5032; baseline -0.006 -18"><span class='ocrx_word' id='word_1_340' title='bbox 170 4952 355 5016; x_wconf 88' lang='lat' dir='ltr'>honorabili</span> <span class='ocrx_word' id='word_1_341' title='bbox 395 4952 529 5014; x_wconf 88' lang='lat' dir='ltr'>domino</span> <span class='ocrx_word' id='word_1_342' title='bbox 565 4951 709 5032; x_wconf 83' lang='lat' dir='ltr'>Georgio</span> <span class='ocrx_word' id='word_1_343' title='bbox 745 4951 784 5011; x_wconf 92' lang='lat' dir='ltr'>de</span> <span class='ocrx_word' id='word_1_344' title='bbox 820 4949 1015 5011; x_wconf 88' lang='lat' dir='ltr'>Warasdino</span> <span class='ocrx_word' id='word_1_345' title='bbox 1054 4947 1222 5027; x_wconf 87' lang='lat' dir='ltr'>moderno,</span> <span class='ocrx_word' id='word_1_346' title='bbox 1258 4945 1437 5028; x_wconf 86' lang='lat' dir='ltr'>futurisque</span> 
     </span>
     <span class='ocr_line' id='line_1_43' title="bbox 171 5052 1436 5140; baseline -0.007 -19"><span class='ocrx_word' id='word_1_347' title='bbox 171 5059 349 5122; x_wconf 89' lang='lat' dir='ltr'>rectoribus</span> <span class='ocrx_word' id='word_1_348' title='bbox 365 5058 508 5120; x_wconf 89' lang='lat' dir='ltr'>eiusdem</span> <span class='ocrx_word' id='word_1_349' title='bbox 533 5077 586 5120; x_wconf 89' lang='lat' dir='ltr'>are</span> <span class='ocrx_word' id='word_1_350' title='bbox 609 5076 668 5140; x_wconf 93' lang='lat' dir='ltr'>pro</span> <span class='ocrx_word' id='word_1_351' title='bbox 691 5070 835 5139; x_wconf 89' lang='lat' dir='ltr'>ternpore</span> <span class='ocrx_word' id='word_1_352' title='bbox 861 5055 1048 5134; x_wconf 89' lang='lat' dir='ltr'>constitutis,</span> <span class='ocrx_word' id='word_1_353' title='bbox 1069 5055 1112 5116; x_wconf 90' lang='lat' dir='ltr'>sic</span> <span class='ocrx_word' id='word_1_354' title='bbox 1137 5067 1171 5116; x_wconf 92' lang='lat' dir='ltr'>ut</span> <span class='ocrx_word' id='word_1_355' title='bbox 1194 5052 1360 5136; x_wconf 86' lang='lat' dir='ltr'>prefertur,</span> <span class='ocrx_word' id='word_1_356' title='bbox 1378 5071 1436 5134; x_wconf 94' lang='lat' dir='ltr'>pro</span> 
     </span>
    </p>
   </div>
   <div class='ocr_carea' id='block_1_4' title="bbox 0 0 1871 5802">
    <p class='ocr_par' dir='ltr' id='par_1_4' title="bbox 0 0 1871 5802">
     <span class='ocr_line' id='line_1_44' title="bbox 0 0 1871 5802; baseline 0 0"><span class='ocrx_word' id='word_1_357' title='bbox 0 0 1871 5802; x_wconf 95' lang='lat' dir='ltr'> </span> 
     </span>
    </p>
   </div>
  </div>
 </body>
</html>
