3808 5792
556 744 741 806 Venerabili
763 744 898 806 domino
923 745 1018 807 Petro
1044 745 1083 807 de
1108 744 1270 828 Grangya,
1295 745 1406 807 lectori
1430 757 1461 806 et
1484 745 1642 808 canonico
1668 765 1720 807 ec-

449 851 544 912 clesie
568 851 793 932 zagrabiensis‚
818 852 863 912 uti
887 850 975 914 lratri
1001 851 1095 914 nobis
1120 851 1248 914 dilecto.
1271 851 1416 914 Thomas
1432 852 1519 914 tituli
1543 873 1568 914 s.
1587 851 1719 912 Martini

451 956 482 1016 in
507 957 672 1018 Montibus
695 957 875 1036 cardinalis,
901 957 1140 1038 strigoniensis,
1165 956 1288 1039 legatus
1312 971 1371 1020 etc.

556 1095 693 1162 originale
712 1097 738 1148 in
758 1097 855 1150 charta.
875 1098 901 1148 ln
922 1098 992 1150 areb.
1011 1099 1071 1150 bon.
1092 1099 1189 1163 colleg.
1208 1096 1461 1150 Praebendariorum
1484 1098 1590 1162 zagrab.

1040 1382 1129 1448 140.

555 1538 629 1589 Anno
651 1539 726 1590 1517.
747 1539 789 1593 21.
808 1539 909 1604 aprilis,
929 1537 1086 1604 Zagrabiae.

452 1665 589 1726 Edictum
610 1667 731 1740 capituli
750 1666 946 1739 sagrabiensis
968 1666 1002 1724 de
1016 1667 1102 1740 sonte
1118 1666 1291 1744 baptismali,
1307 1668 1360 1740 qui
1383 1665 1429 1724 ad
1448 1686 1469 1728 s.
1492 1669 1615 1726 Maniae
1637 1671 1716 1726 eccle-

660 1774 734 1829 siam
751 1773 951 1846 parochialem
974 1773 1005 1828 in
1028 1790 1100 1829 area
1123 1772 1246 1844 capituli
1264 1773 1350 1828 sitam
1371 1774 1504 1846 pertinet.

556 1911 603 1974 De
640 1931 725 1972 anno
756 1911 880 1972 domini
916 1911 1089 1972 millesimo
1122 1910 1382 1991 quingentesimo
1406 1911 1533 1974 decimo
1568 1912 1715 1994 septimo,

450 2017 528 2079 seria
550 2017 648 2079 tercia
671 2031 744 2078 ante
769 2016 885 2078 festum
903 2017 1036 2098 Georgii
1061 2017 1208 2078 martiris.
1227 2017 1358 2078 Domini
1384 2017 1564 2099 capituliter
1580 2019 1715 2100 acceptis

450 2124 543 2185 dictis
567 2137 598 2185 et
629 2123 882 2204 allegacionibus
915 2137 1074 2185 certorum
1107 2124 1236 2184 testium
1272 2123 1483 2185 decreverunt
1514 2123 1716 2206 judicialiter,

450 2230 538 2310 quod
563 2230 744 2312 prepositus
769 2231 860 2291 beate
886 2229 1018 2310 virginis
1042 2229 1142 2291 Marie
1167 2229 1206 2290 de
1238 2249 1310 2290 area
1327 2229 1494 2311 capitulari
1518 2230 1715 2310 zagrabiensi

450 2355 508 2418 pro
532 2349 677 2417 ternpore
702 2337 902 2414 constitutus,
927 2355 1038 2417 perse
1061 2335 1272 2416 personaliter
1294 2351 1348 2396 aut
1372 2355 1466 2396 suurn
1491 2337 1715 2418 cappellanum

449 2443 583 2523 singulis
616 2441 730 2504 futuris
764 2443 856 2504 annis
889 2440 1012 2503 fontem
1048 2441 1247 2523 baptismatis
1278 2461 1335 2524 per
1365 2455 1466 2503 totam
1501 2442 1714 2504 ebdomadam

449 2549 689 2611 resurrectionis
714 2549 845 2610 Domini
871 2561 1036 2630 exportare
1054 2547 1092 2608 ad
1110 2547 1349 2628 processionem
1367 2561 1397 2609 et
1414 2561 1524 2630 postea
1543 2549 1714 2630 importare

449 2655 489 2716 ad
513 2655 687 2716 sacristiam
710 2667 867 2734 teneatur,
890 2669 921 2716 et
944 2653 1091 2714 similiter
1121 2654 1153 2714 in
1178 2654 1287 2734 vigilia
1310 2652 1553 2732 penthecostes;
1586 2653 1714 2716 tandem

450 2761 618 2844 completis
641 2761 827 2824 huiusmodi
851 2762 965 2824 diebus
988 2760 1028 2821 ad
1061 2780 1152 2822 suam
1185 2761 1352 2822 ecclesiam
1387 2761 1607 2842 parochialem
1640 2763 1714 2824 reci-

450 2887 524 2950 pere
549 2881 579 2929 et
603 2881 710 2930 tenere
735 2887 792 2950 pro
818 2867 1018 2950 baptizandis
1042 2865 1217 2928 infantibus
1240 2868 1280 2928 sit
1303 2867 1475 2948 obligatus.

975 2973 1086 3034 Petrus
1124 2973 1235 3053 lector,
1273 2973 1313 3034 de
1364 2974 1529 3036 voluntate
1576 2975 1714 3056 capituli,

975 3079 1104 3162 propria
1128 3079 1250 3162 (manu)
1275 3080 1471 3161 subscripsit.

556 3218 671 3270 Rubrum
691 3219 798 3284 capitoli
818 3220 883 3272 eccl,
908 3219 1062 3283 zagrab.1n
1087 3219 1185 3271 archiv.
1211 3219 1270 3271 incl.
1291 3219 1430 3271 decaden.
1457 3220 1551 3272 scient.
1578 3217 1713 3270 Slavorunr

451 3307 617 3359 meridional.
638 3307 668 3362 11.
686 3323 707 3359 c.
729 3310 771 3360 49.

1041 3501 1122 3566 141.

552 3659 723 3713 annotatt.
746 3662 788 3714 31.
809 3661 878 3712 mali.
898 3659 995 3712 Budas.

449 3805 612 3863 Ludovicus
636 3805 689 3880 ll„
713 3805 814 3878 Hung‚
845 3812 895 3864 etc.
919 3825 982 3876 rex,
1014 3807 1239 3862 communt'tolem
1270 3805 1398 3863 n'vitatis
1421 3807 1508 3880 taxas,
1535 3808 1712 3866 contributio-

777 3911 914 3985 m'busque
937 3912 1084 3985 regalibus
1106 3911 1248 3970 solvendis
1271 3911 1382 3972 liberat.

828 4075 829 4080 κ
917 4049 1076 4101 Commissio
1096 4051 1204 4114 propria
1225 4051 1323 4102 domiui
1343 4051 1414 4116 regis
1435 4051 1467 4100 de
1487 4051 1613 4103 consilio.

556 4140 622 4200 Nos
657 4138 843 4201 Ludouicus
867 4139 919 4200 dei
943 4141 1049 4220 gracia
1074 4159 1126 4200 rex
1152 4139 1316 4222 Hungarie
1342 4155 1372 4201 et
1395 4138 1551 4201 Bobemie
1575 4153 1633 4204 etc.
1650 4139 1711 4198 ble-

450 4246 551 4306 morie
576 4246 841 4307 commendamus
864 4260 974 4307 tenore
999 4246 1200 4328 presencium
1225 4245 1438 4327 significantes
1455 4247 1573 4327 quibus
1589 4243 1711 4326 expedit

451 4351 616 4413 universis.
642 4351 739 4424 Quod
765 4372 823 4433 pro
849 4367 937 4433 parte
962 4353 1048 4414 etin
1074 4352 1217 4433 personis
1249 4351 1394 4413 fidelium
1430 4364 1612 4413 nostrorum
1643 4369 1711 4430 pru-

451 4456 583 4518 dentum
610 4471 640 4519 et
664 4457 968 4538 circumspectorurn
993 4457 1108 4540 judicis
1133 4472 1163 4519 et
1180 4457 1357 4540 juratorum
1374 4457 1505 4534 civium,
1523 4470 1712 4517 ceterorum·

450 4582 512 4642 que
537 4563 759 4623 universorum
784 4563 962 4624 incolarum
981 4577 1011 4626 et
1028 4563 1280 4626 inhabitatorum
1298 4563 1433 4624 civitatis
1450 4575 1558 4624 nostre
1583 4561 1710 4622 Montis·

449 4668 619 4750 grecensis‚
643 4681 750 4730 nostre
775 4668 807 4729 in
831 4668 916 4730 hunc
940 4670 1076 4732 modurn
1101 4671 1280 4752 expositum
1304 4669 1406 4731 extitit
1431 4667 1608 4730 Maiestati:
1627 4666 1709 4748 quod

451 4776 597 4855 quamvis
622 4775 719 4836 iidem
742 4790 938 4856 exponentes
962 4797 1000 4837 ex
1025 4778 1156 4858 antiqua
1174 4776 1329 4838 libertatis
1347 4776 1490 4858 ipsorum
1516 4774 1707 4856 prerogativa

450 4900 506 4961 per
529 4881 621 4941 divos
645 4901 735 4963 reges
760 4881 936 4962 Hungarie‚
960 4897 1088 4944 nostros
1119 4883 1241 4944 scilicet
1265 4881 1504 4964 predecessores
1539 4880 1615 4961 ipsis
1643 4897 1708 4959 gra·

450 4985 534 5047 close
560 5006 721 5067 concessa,
745 4989 784 5048 ab
809 4989 897 5048 omni
923 4989 1089 5050 solucione
1113 5002 1258 5050 taxarum
1283 5007 1338 5050 seu
1363 4987 1641 5050 contribucionum
1665 5002 1706 5042 re-
