3900 5804
725 549 843 609 Statura
867 552 1158 614 Praebendare'orum.

1505 578 1568 671 ³⁰?

299 769 339 830 Et
359 769 448 832 finita
471 772 567 834 missa
591 788 735 836 cantetur
758 777 797 838 ab
822 777 973 840 omnibus
1005 777 1093 840 flexis
1116 781 1252 860 genibus
1287 782 1461 846 solenniter
1491 790 1567 846 ante'·

288 878 411 952 phana:
434 879 525 939 Salve
546 883 658 958 regina,
685 881 735 942 vel
758 901 821 942 una
853 881 915 944 alia
949 884 1126 965 antiphona
1158 885 1198 949 de
1228 887 1352 970 virgine
1385 890 1567 972 benedicta,

297 983 322 1044 si
347 983 484 1045 brevitas
515 986 669 1067 temporis
704 988 846 1068 requirit,
880 1009 953 1051 cum
985 1009 1096 1052 versu:
1135 993 1199 1052 Ora
1217 1003 1277 1069 pro
1299 997 1379 1054 nobes
1401 1006 1494 1056 mater
1515 1001 1566 1058 mi-

296 1093 452 1152 sericordie
473 1101 522 1155 etc.
551 1104 582 1153 et
606 1092 749 1154 collectis
773 1108 808 1156 ut
831 1115 925 1176 supra
950 1097 982 1158 in
1008 1097 1102 1159 missa
1129 1099 1334 1180 consignatis.

406 1285 486 1344 Ordo
504 1289 619 1362 prefate
640 1289 724 1346 misse
745 1295 839 1346 nostre
862 1290 992 1349 vriielicet
1004 1293 1254 1367 confraternitatis
1274 1295 1398 1368 virgriris
1423 1297 1566 1358 benedicte

293 1400 443 1466 perquer
458 1393 574 1468 fratres
598 1400 709 1452 nostres
731 1395 831 1453 debeat
851 1397 910 1454 dici
928 1395 1084 1456 secundum
1107 1399 1207 1456 seriem
1231 1419 1291 1457 una
1313 1418 1375 1459 eum
1395 1401 1523 1476 epistolis
1537 1412 1567 1464 et

297 1499 453 1572 evangeliis
475 1499 538 1573 ipso
561 1499 607 1557 die
629 1501 756 1580 virginis
778 1502 924 1560 benedicte.
997 1495 1001 1504 ’
1455 1513 1458 1522 ’

403 1637 572 1718 Volumus,
596 1639 684 1722 quod
709 1640 803 1702 missa
828 1640 866 1702 de
891 1641 1058 1703 benedicta
1075 1642 1198 1724 virgine
1222 1657 1321 1706 matre
1346 1645 1564 1710 misericordie

298 1743 421 1805 dicatur
444 1764 569 1827 semper
592 1766 648 1827 per
671 1746 762 1809 illum
788 1746 928 1826 fratrem,
953 1749 1009 1829 qui
1034 1748 1130 1810 habet
1153 1749 1284 1810 missam
1316 1751 1563 1816 ebdomadalem

298 1850 414 1911 maturi
437 1849 535 1913 oflicii
559 1852 599 1913 de
624 1854 715 1914 beata
740 1854 874 1934 virgine,
891 1854 1069 1915 secundum
1092 1854 1202 1916 stilum
1223 1855 1409 1939 incipiendo
1426 1877 1443 1919 a
1462 1859 1565 1940 prima

298 1955 378 2017 serie
401 1976 503 2038 usque
526 1957 566 2018 ad
583 1958 730 2019 ultimam
749 1959 922 2035 inclusive;
947 1973 979 2021 et
994 1959 1060 2021 duo
1077 1960 1218 2022 iuniores
1235 1961 1452 2042 Prebendarii,
1469 1977 1566 2046 prout

298 2060 438 2123 decanus
462 2063 597 2143 iusserit,
621 2063 728 2126 dicent
751 2065 955 2146 evangelium
980 2080 1010 2127 et
1033 2067 1203 2148 epistolam
1227 2067 1267 2129 ad
1292 2068 1439 2132 eandem.

399 2259 450 2316 De
473 2260 622 2317 novilunio
644 2268 673 2318 et
700 2263 829 2335 qualeter
858 2261 981 2320 placebo
1010 2269 1039 2319 et
1059 2263 1156 2336 vrgilie
1186 2270 1367 2322 mertuorum
1390 2266 1480 2339 ἱρείης
1501 2283 1564 2324 con·

290 2365 495 2438 fraternitatis
516 2364 670 2424 decantem·
690 2367 817 2426 debeant.

403 2485 436 2546 ln
462 2485 606 2566 qualibet
629 2487 808 2548 novilunali
826 2486 878 2549 die
902 2487 1064 2549 dominica
1081 2503 1154 2550 ante
1171 2509 1328 2571 vesperas,
1345 2490 1562 2553 subsecundo

297 2591 403 2672 pulsu,
428 2611 540 2653 omnes
564 2605 595 2652 et
617 2591 735 2672 singuli
760 2590 870 2653 iratres
894 2592 934 2653 ad
959 2593 1147 2655 mandatum
1172 2594 1283 2657 decani
1316 2597 1427 2676 nostri,
1451 2596 1562 2677 mod0,

297 2697 370 2758 loco
394 2709 425 2758 et
447 2695 551 2758 forms
575 2697 734 2779 predictis,
759 2698 952 2759 conveniant
976 2718 1033 2780 per
1056 2719 1090 2761 se
1111 2699 1163 2761 vel
1186 2720 1243 2782 per
1266 2701 1386 2778 alium;
1411 2715 1442 2764 et
1465 2703 1560 2764 inter-

296 2803 361 2863 sint
385 2803 534 2882 Placebo,
559 2803 686 2884 Vigiliis
710 2823 782 2864 curn
807 2805 908 2866 tribus
932 2805 1125 2867 lectionibus
1160 2819 1288 2868 etcum
1319 2807 1484 2869 Laudibus
1508 2807 1562 2870 de·

298 2909 473 2988 cantandis,
498 2929 601 2991 usque
625 2910 665 2972 ad
689 2910 797 2972 finem.

402 3089 533 3148 Secunda
558 3090 643 3166 seria
677 3090 843 3146 seovilunali
874 3091 961 3147 missa
991 3091 1172 3164 confratrum
1195 3091 1394 3166 elefantorum
1424 3091 1563 3166 quomodo

298 3195 359 3254 dici
383 3196 468 3270 dedet,
492 3203 541 3254 etc.

401 3317 435 3377 ln
459 3317 603 3397 qualibet
626 3315 704 3378 feria
728 3316 867 3378 secunda
884 3315 1075 3395 novilunali,
1094 3335 1207 3378 omnes
1234 3314 1345 3378 fratres
1361 3317 1471 3397 modo,
1488 3317 1561 3380 loco

298 3435 329 3483 et
375 3421 477 3483 forma
512 3422 673 3504 predictis,
707 3421 854 3483 similiter
899 3422 1091 3483 conveniant
1125 3441 1181 3503 per
1226 3442 1259 3483 se
1299 3423 1349 3484 vel
1373 3443 1429 3504 per
1461 3423 1561 3484 alium

298 3529 379 3590 bene
403 3527 557 3591 idoneum
594 3542 625 3590 et
649 3527 871 3607 sufficientem,
904 3529 1048 3590 intersint
1079 3527 1174 3589 misse
1205 3528 1413 3609 solempniter
1446 3529 1561 3590 decan·

298 3634 393 3695 tande
416 3654 475 3716 pro
499 3633 658 3697 defunctis
682 3634 914 3696 commendatis
937 3649 967 3694 et
989 3633 1153 3711 matricule
1171 3632 1438 3696 confraternitatis
1454 3647 1560 3696 nostre

297 3738 392 3800 huius
423 3741 559 3818 assertis,
584 3759 657 3801 cum
682 3741 834 3818 collectis,
864 3741 965 3822 prima
990 3740 1158 3802 videlicet:
1192 3739 1278 3801 Deus
1302 3739 1394 3800 venie
1418 3739 1560 3821 largitor,

298 3845 454 3907 secunda:
487 3846 607 3906 lnclina
642 3847 773 3908 domine
808 3865 917 3907 aurem
951 3859 1051 3925 tuam,
1086 3859 1116 3906 et
1149 3845 1263 3907 tercia:
1288 3845 1449 3906 Fidelium
1481 3844 1560 3906 deus

298 3951 454 4013 omnium.
481 3951 553 4025 Qua
577 3950 666 4013 finita
695 3952 817 4013 dicatur
848 3952 1106 4033 responsorium:
1139 3951 1280 4013 Absolve
1313 3951 1455 4028 domine,
1486 3970 1559 4012 cum

297 4058 465 4136 versiculo,
489 4071 520 4119 et
542 4039 665 4140 primo:
690 4078 748 4140 pro
779 4057 937 4119 defunctis
972 4077 1045 4119 cum
1081 4057 1223 4118 collectis
1257 4077 1352 4140 supra
1388 4057 1420 4117 in
1444 4055 1553 4118 officio

298 4164 391 4224 misse
416 4163 620 4245 consignatis,
656 4177 687 4225 et
721 4165 932 4245 subiungetur
966 4162 1158 4246 antiphona:
1194 4161 1332 4224 Michael
1366 4161 1558 4244 prepositus,

297 4289 370 4330 cum
394 4270 561 4332 oracione:
587 4270 683 4348 Deus,
708 4271 762 4351 qui
787 4271 869 4331 miro
893 4269 1005 4330 ordine
1030 4283 1089 4331 etc.

400 4376 463 4437 Sed
487 4377 562 4458 quia
587 4377 663 4438 certi
681 4397 718 4437 ex
743 4375 892 4438 iratribus
910 4375 1026 4437 nostris
1043 4375 1141 4436 nullis
1163 4373 1305 4454 negociis
1322 4372 1473 4454 legitimis
1489 4393 1558 4455 pre·

296 4481 395 4563 pediti
420 4482 525 4544 solent
547 4503 628 4544 vane
653 4483 858 4545 deambulare
883 4495 914 4543 et
937 4501 995 4563 pro
1019 4501 1052 4541 se
1077 4481 1153 4562 ipsis
1175 4479 1215 4541 ad
1247 4479 1310 4578 tple
1343 4477 1486 4540 officium
1510 4478 1557 4540 lo-

297 4607 368 4649 care
392 4602 422 4650 et
446 4589 594 4649 ordinare
619 4589 747 4670 ignaros
770 4602 800 4650 et
828 4589 954 4666 idiotas,
978 4587 1034 4668 qui
1059 4587 1103 4647 ibi
1130 4605 1166 4646 os
1198 4585 1298 4647 nescit
1329 4584 1471 4666 aperire;
1503 4604 1558 4646 vo·

298 4694 404 4756 lumus
428 4695 535 4776 itaque
560 4695 647 4776 quod
673 4694 738 4772 ille,
764 4695 818 4776 qui
851 4695 882 4755 in
907 4693 1035 4775 propria
1066 4711 1200 4774 persona
1235 4691 1268 4752 in
1292 4691 1347 4754 tali
1379 4689 1488 4752 officio
1511 4691 1558 4752 in·

297 4815 412 4863 teresse
436 4821 502 4863 non
525 4801 652 4884 poterit,
677 4801 749 4862 talis
773 4801 930 4862 decanum
959 4811 1103 4860 nostrum
1132 4797 1226 4860 adeat
1242 4810 1273 4858 et
1289 4816 1417 4858 causam
1436 4796 1560 4878 asignet

297 4907 475 4987 legitimam
497 4927 555 4989 pro
580 4927 643 4990 qua
667 4908 700 4968 in
723 4907 778 4969 tali
802 4905 909 4968 officio
933 4926 1000 4968 esse
1024 4924 1090 4967 non
1113 4905 1240 4989 poterit,
1257 4917 1288 4966 et
1303 4903 1434 4965 tandem
1451 4903 1557 4964 eidem

298 5011 431 5091 refferat,
455 5032 552 5093 quam
576 5012 649 5074 loco
673 5013 721 5074 sui
746 5031 917 5095 personam
941 5009 1154 5074 sufficientem
1178 5010 1348 5072 ordinabit.
1367 5009 1432 5082 Qui
1449 5021 1556 5071 autem
