3808 5792
652 561 726 621 Boc.
752 571 819 637 172.
845 593 888 604 -
912 561 967 622 Aa.
991 563 1080 636 1521.

824 785 904 856 lan.

334 945 409 996 Anno
432 945 506 996 1521.
530 945 567 997 15.
588 945 745 996 decembris.
767 943 864 998 Budas.

228 1074 392 1132 Ludonirus
416 1074 470 1144 II,
493 1074 596 1147 Hung.
620 1082 670 1132 etc.
693 1091 756 1148 rex,
780 1073 906 1146 capitulo
939 1070 1121 1144 angrobimsr
1146 1078 1203 1144 per
1236 1069 1399 1126 decennium
1434 1086 1498 1126 con·

228 1179 312 1250 cedit,
335 1187 370 1236 ut
401 1180 528 1238 minares
558 1179 636 1248 auri,
665 1177 793 1252 argenti,
827 1177 912 1251 cupri
938 1178 1118 1250 altarumque
1152 1171 1332 1232 metallorum
1368 1174 1498 1253 indaget,

229 1285 355 1358 aperiat,
388 1285 575 1360 constratque
610 1285 640 1341 in
675 1302 757 1341 usum
780 1302 862 1342 saum
893 1301 927 1340 ca
951 1282 1031 1339 inodo
1059 1281 1228 1350 condictam,
1251 1288 1285 1337 ut
1316 1281 1428 1338 lucrum
1451 1299 1497 1337 ca-

694 1408 789 1446 merae
811 1391 908 1464 regiae
929 1389 1032 1447 solvat.

335 1529 402 1590 Nos
426 1526 613 1590 Ludouicus
637 1527 688 1588 dei
712 1527 817 1609 gracia
840 1545 894 1588 rex
919 1525 1085 1608 Hungarie
1109 1538 1140 1586 et
1165 1524 1319 1586 Bohemie
1344 1537 1403 1586 etc.
1429 1525 1495 1586 Me·

230 1635 332 1696 morie
357 1632 622 1696 commendamus
645 1645 757 1696 tenore
773 1632 975 1716 presencium
1003 1629 1218 1713 significantes
1235 1629 1352 1711 quibus
1370 1630 1498 1712 expedit

235 1740 401 1822 universis,
426 1739 515 1821 quod
539 1753 691 1800 nostum
716 1753 876 1801 certorum
893 1736 1038 1800 fidelium
1056 1735 1497 1818 nostrorum'supplicatione

232 1845 390 1907 Maiestati
414 1858 520 1906 nostre
544 1858 714 1926 propterea
738 1843 830 1924 facta,
854 1857 922 1905 tum
947 1863 1023 1904 vero
1047 1843 1100 1925 pia
1134 1841 1318 1904 intencione
1352 1855 1383 1902 et
1405 1860 1496 1902 sacro

230 1970 305 2031 erga
329 1950 478 2012 ecclesias
502 1950 553 2012 dei
577 1949 692 2012 affectu
716 1949 871 2028 inclinati,
896 1969 954 2032 pro
986 1961 1161 2029 augmento
1192 1946 1296 2008 cultus
1328 1947 1428 2008 divini
1464 1947 1496 2008 in

232 2057 366 2118 ecclesia
402 2057 613 2139 zagrabiensi,
638 2076 763 2138 proque
787 2056 895 2138 aliqua
928 2055 1064 2116 utilitate
1099 2067 1130 2115 et
1164 2054 1250 2114 victu
1283 2051 1497 2114 commodiori

230 2163 454 2244 capitularium
479 2162 623 2224 eiusdem
648 2162 780 2224 ecclesie
804 2181 841 2224 ex
865 2160 995 2244 speciali
1018 2172 1125 2222 nostra
1148 2160 1254 2240 gracia
1279 2173 1310 2220 et
1332 2159 1496 2241 potestatis

230 2281 337 2330 nostre
359 2269 445 2350 regie
468 2268 670 2351 plenitudine
695 2269 727 2329 id
752 2267 903 2330 duximus
936 2266 1146 2328 annuendum
1180 2279 1210 2327 et
1241 2265 1496 2343 concedendum,

231 2375 468 2456 annuimusque
492 2389 523 2436 et
548 2374 755 2437 concedimus
778 2373 978 2456 presencium
1004 2392 1059 2454 per
1075 2373 1231 2453 vigorem,
1249 2385 1283 2433 ut
1300 2372 1358 2454 ipsi
1376 2372 1496 2453 ubique

230 2481 263 2541 in
287 2482 462 2561 montibus,
485 2482 603 2542 tenutis
626 2495 657 2542 et
680 2480 846 2542 territoriis
869 2479 1075 2561 oppidorum,
1099 2477 1337 2560 possessionum
1362 2491 1392 2538 et
1416 2497 1496 2558 quo-

231 2587 383 2648 rumlibet
408 2588 567 2649 bonorum
593 2607 628 2648 ac
654 2586 772 2667 jurium
797 2605 929 2646 suorum
952 2584 1279 2666 possessionariorum
1304 2583 1439 2645 ubilibet
1464 2583 1496 2644 in

230 2691 280 2753 his
304 2693 409 2774 regnis
432 2694 548 2754 nostris
565 2693 732 2774 Hungarie
748 2705 779 2752 et
803 2691 974 2754 Sclauonie
1000 2704 1030 2751 et
1053 2690 1197 2771 partibus
1220 2689 1408 2752 eorumdem
1433 2689 1496 2749 exi·

230 2799 385 2860 stenelum
423 2812 453 2860 et
476 2799 671 2876 habitorum,
695 2798 834 2860 mineras
859 2797 939 2875 auri,
963 2797 1097 2877 argenti,
1122 2795 1222 2877 cupri,
1249 2793 1333 2874 ferri,
1362 2795 1496 2876 plombi‚

231 2905 335 2966 stanni
362 2917 393 2966 et
416 2905 555 2967 aliorum
579 2923 848 2987 quorumcunque
880 2903 1085 2964 metallorum
1119 2901 1257 2983 reperire
1290 2914 1320 2962 et
1353 2899 1496 2961 invenire

231 3025 394 3092 poterunt,
419 3031 471 3072 eas
507 3011 634 3093 aperiri,
666 3009 745 3088 lodi,
777 3011 904 3091 colique
937 3023 968 3071 et
1002 3009 1139 3070 laborari
1177 3008 1297 3084 lacere;
1333 3008 1498 3069 universos

231 3117 332 3178 eciam
356 3115 476 3178 fructus
499 3130 530 3179 et
554 3116 706 3178 utilitates
729 3136 766 3176 ex
790 3115 854 3176 illis
878 3115 1102 3197 provenientes
1126 3133 1252 3196 semper
1275 3129 1305 3176 et
1329 3115 1361 3174 in
1385 3133 1496 3196 perpe·

231 3234 324 3284 tuum
349 3224 448 3284 libere
473 3221 636 3305 percipere
672 3223 799 3284 valeant
830 3237 926 3302 atque
961 3221 1083 3303 possint
1115 3241 1152 3281 ex
1184 3220 1322 3301 presenti
1354 3219 1497 3300 graciosa

232 3342 339 3389 nostra
363 3329 548 3407 annuentis,
572 3329 662 3390 lucro
686 3341 794 3389 tamen
828 3347 951 3388 camere
977 3339 1082 3386 nostre
1115 3347 1152 3386 ex
1180 3325 1243 3386 illis
1274 3326 1442 3407 provenire
1467 3337 1497 3386 et

231 3434 311 3495 solvi
337 3435 497 3514 debendo,
513 3435 602 3496 salvo
627 3447 829 3510 remanente;
855 3433 941 3514 quod
967 3431 1090 3514 prefato
1115 3432 1254 3514 capitulo
1280 3430 1360 3492 infra
1385 3431 1495 3492 decem

231 3561 333 3602 annos
356 3561 374 3602 a
398 3541 450 3603 die
475 3541 621 3602 datarum
657 3540 856 3621 presencium
889 3537 1118 3620 computando,
1152 3551 1185 3598 ut
1216 3557 1272 3618 per
1307 3537 1339 3597 id
1372 3551 1497 3618 tempus

232 3647 323 3708 labor
356 3661 387 3708 et
409 3647 532 3709 cultura
565 3643 758 3728 prefatorum
790 3645 984 3706 minerarum
1014 3657 1044 3704 et
1076 3642 1260 3704 fodinarum
1295 3643 1497 3704 commodius

233 3753 387 3832 inchoari,
423 3753 668 3833 continuarique
702 3765 732 3812 et
765 3751 898 3832 aliquod
936 3751 1168 3810 incrementum
1204 3749 1362 3831 suscipere
1398 3748 1497 3830 possit

231 3860 374 3940 graciose
400 3859 655 3921 condonavimus
680 3870 710 3919 et
734 3857 957 3934 relaxavimus,
972 3856 1072 3917 immo
1091 3855 1313 3916 condonamus
1330 3867 1360 3916 et
1377 3853 1496 3915 relaxa-

233 3985 304 4027 mus
320 3965 432 4028 harum
450 3980 630 4028 nostrarum
648 3966 757 4046 vigore
769 3978 800 4027 et
811 3963 997 4025 testimonio
1007 3962 1182 4023 litterarum
1196 3959 1366 4021 mediante.
1380 3959 1496 4020 Datum

234 4073 324 4134 Bude
363 4073 415 4135 die
453 4072 617 4134 dominico
649 4071 796 4154 proximo
828 4082 900 4152 post
935 4068 1050 4128 festum
1085 4068 1175 4127 beate
1213 4065 1311 4127 Lucie
1355 4065 1495 4145 virginis.

234 4183 329 4241 Anno
354 4179 477 4240 domini
509 4177 681 4239 millesimo
706 4175 964 4257 quingentesimo
989 4173 1145 4254 vigesimo
1170 4172 1286 4254 primo

759 4280 891 4342 Relacio
908 4279 1050 4360 magistri
1068 4278 1207 4356 Thome,
1224 4276 1496 4360 archypresbyteri

761 4386 800 4447 de
826 4387 1020 4466 Beregzouz‚
1043 4384 1203 4445 secretarii
1229 4383 1321 4463 regis.

341 4529 476 4596 Originale
496 4533 521 4582 in
541 4529 685 4582 charisio
706 4527 823 4591 margine
844 4525 963 4577 inleriori
983 4526 1141 4589 impressum
1162 4529 1202 4574 est
1216 4523 1340 4589 sigillum.
1355 4521 1384 4575 ln
1399 4522 1495 4573 archiv.

234 4635 293 4670 ven.
314 4619 378 4684 Cap.
398 4621 503 4686 zagrab.
523 4620 579 4672 Act.
601 4621 654 4683 Cap
684 4621 727 4668 ant
758 4617 806 4668 las.
826 4614 850 4667 1.
871 4629 909 4666 nr.
929 4615 971 4668 20.
