3732 5802
414 549 473 613 170
826 534 899 594 Dec.
924 547 992 610 134.
1019 565 1058 577 -
1083 535 1140 592 Aa.
1166 530 1253 608 1516.

517 744 594 806 Item
618 745 793 806 sabbatinis
827 745 951 822 diebus,
974 745 1079 808 statIm
1103 757 1176 827 post
1206 743 1337 806 missam
1371 745 1464 806 beate
1488 743 1619 825 vlrginis
1640 743 1674 804 in

411 870 464 912 ara
489 850 646 930 eiusdem,
670 851 765 912 missa
789 851 829 912 de
854 853 945 913 beata
968 850 1092 932 virgiac
1110 870 1184 912 cum
1208 850 1342 913 collecta
1358 870 1417 933 pro
1440 851 1603 913 sacerdote
1619 850 1676 912 de·

411 953 522 1020 functo
546 957 696 1020 videlicet
711 958 848 1020 condam
867 957 1009 1039 GeorgIo
1022 956 1248 1020 archidiacono
1262 957 1301 1019 de
1319 958 1440 1040 Bexyn‚
1456 957 1513 1039 qui
1530 956 1678 1018 similiter

411 1063 529 1145 legavit
552 1064 592 1126 ad
610 1063 824 1126 mutationem
841 1064 948 1126 balnei
965 1064 1041 1146 ipsis
1057 1063 1198 1125 dominis
1213 1064 1433 1146 prebendariis
1448 1062 1518 1127 flor.
1535 1077 1676 1142 centum,

410 1169 559 1232 vestitum
584 1188 685 1231 unum
710 1169 750 1232 de
774 1171 921 1232 Iramwlra
945 1170 1018 1232 alba
1042 1183 1072 1232 et
1094 1170 1228 1232 calicem
1253 1189 1364 1232 unum.

516 1276 594 1338 Item
618 1275 678 1338 boc
704 1296 834 1358 quoque
858 1276 1070 1354 considerato,
1095 1276 1183 1358 quod
1209 1277 1360 1339 balneum
1386 1296 1451 1338 non
1478 1288 1582 1358 potest
1609 1275 1676 1356 tegi

412 1402 485 1444 cnm
511 1382 576 1443 LX.
601 1381 740 1460 florenis,
765 1395 796 1444 et
819 1381 859 1444 ad
884 1382 969 1443 idem
1003 1382 1154 1445 balneum
1178 1383 1324 1464 quolibet
1355 1402 1441 1444 anno
1472 1393 1678 1465 exponuntur

411 1488 560 1550 admInus
584 1487 696 1550 floreni
721 1489 804 1551 XVI.
825 1487 865 1550 ad
890 1488 1157 1551 relormacionem
1180 1486 1288 1572 ipsIus·.

516 1630 653 1697 originale
672 1629 698 1682 In
718 1630 816 1698 charta,
836 1629 861 1682 ia
880 1628 978 1682 archiv.
998 1629 1128 1682 bonorab.
1149 1630 1267 1696 collegii.
1286 1630 1549 1682 PraebendarIoram.

996 1913 1082 1982 134.

516 2076 590 2127 Anno
614 2077 689 2128 1516.
715 2075 753 2129 ts.
774 2076 902 2130 octobris.
922 2075 1079 2141 Zagrabiae.

416 2221 573 2301 Collegium
591 2222 874 2300 praebendariorum
900 2221 1064 2295 praeposito
1086 2239 1110 2280 s.
1141 2219 1263 2277 Mariae
1293 2216 1331 2278 de
1361 2220 1463 2277 balneo
1484 2221 1677 2294 permittendo

839 2329 969 2386 ultimam
983 2325 1056 2405 sert
1075 2327 1253 2387 sententiam.

516 2470 613 2528 Anno
637 2467 761 2530 domini
786 2467 1055 2530 MCCCCCXVI.
1073 2467 1150 2529 feria
1167 2480 1254 2529 sexta
1278 2467 1310 2528 In
1328 2465 1450 2528 festos.
1468 2467 1554 2528 Luce
1572 2487 1677 2528 ewan-

412 2573 537 2655 geliste,
561 2573 648 2654 xviij.
674 2573 725 2635 die
744 2575 863 2638 mensis
894 2575 1043 2636 octobris.
1069 2573 1218 2637 Universi
1250 2587 1281 2635 et
1303 2571 1422 2654 singuli
1447 2572 1572 2634 domini
1609 2593 1677 2655 pre·

411 2679 553 2742 bendarii
580 2679 668 2742 chori
694 2681 779 2743 alme
802 2681 935 2743 ecclesie
960 2681 1176 2762 zagrabiensis
1192 2681 1224 2742 in
1249 2679 1349 2740 domo
1367 2678 1491 2741 domini
1509 2679 1677 2741 Michaelis

413 2785 526 2848 Berlek
549 2787 740 2868 generaliter
756 2788 952 2868 congregati
970 2788 1052 2850 Inter
1076 2800 1179 2849 cetera
1196 2787 1339 2868 Ipsorum
1353 2785 1486 2866 negocia
1502 2785 1677 2864 tractanda,

410 2891 547 2954 finaliter
571 2892 867 2955 determinaverunt
890 2907 921 2955 et
945 2893 1172 2956 concluserunt
1195 2912 1254 2975 pro
1278 2911 1356 2974 pace
1379 2890 1537 2954 firmanda
1556 2903 1588 2954 et
1604 2910 1677 2953 con·

411 2998 520 3060 cordia
557 2999 687 3062 inienda
722 3000 802 3062 iuire
835 3019 947 3083 pacem
983 3019 1055 3061 cum
1088 2999 1222 3062 domiuo
1251 2998 1416 3060 Demetrio
1448 2997 1614 3079 preposito
1643 3017 1677 3058 ac

411 3105 550 3186 plebano
575 3106 709 3168 ecclesie
733 3105 825 3168 beate
850 3105 981 3187 vlrginis
999 3106 1039 3167 de
1055 3125 1127 3167 area
1144 3104 1309 3187 capitulari
1328 3105 1527 3186 zagrabiensi
1545 3102 1677 3165 infacto

411 3210 518 3272 balnei
542 3211 618 3293 ipsis
643 3212 783 3274 dominis
806 3213 1026 3295 prebendariis
1049 3211 1313 3274 testamentaliter
1329 3211 1435 3293 legato
1459 3227 1517 3293 per
1540 3211 1677 3272 condam

411 3315 512 3378 lelicis
529 3319 765 3381 recordacionis
780 3319 969 3401 magistrum
986 3318 1124 3380 Paulum
1140 3317 1402 3378 archidiaconum
1428 3317 1677 3378 kamarcensem.

413 3425 490 3485 Item
503 3425 528 3485 si
540 3426 774 3507 possessionem
791 3425 924 3487 totalem
941 3427 1040 3508 ipsius
1057 3424 1163 3487 balnei
1180 3423 1298 3487 habere
1314 3423 1464 3500 voluerit,
1480 3422 1677 3484 attendendo

412 3544 444 3591 et
452 3530 682 3613 perpendendo
693 3533 948 3614 perpetuitatem,
959 3544 1058 3614 ponat
1067 3531 1107 3592 ad
1116 3530 1380 3593 communitatem
1390 3529 1676 3612 prebendariorum

412 3639 437 3699 II
462 3639 564 3700 millia
585 3639 655 3702 flor.
681 3653 711 3702 et
727 3654 959 3722 reassumpmat
976 3640 1097 3702 cultum
1115 3638 1261 3700 divinum
1278 3657 1336 3720 pro
1354 3637 1460 3699 balnei
1476 3637 1676 3718 possessione

411 3745 542 3806 recitare
567 3759 597 3806 et
620 3745 772 3828 perficere
795 3745 937 3808 solitum.
962 3745 1052 3825 Item,
1076 3745 1102 3806 si
1126 3745 1204 3807 velit
1226 3763 1443 3826 assumpmere
1467 3743 1605 3805 servicia
1620 3762 1675 3825 pro

411 3852 480 3932 ipso
505 3851 622 3913 balneo
645 3853 749 3932 solita,
773 3852 896 3914 dicatur
920 3852 960 3930 ei,
984 3853 1010 3913 si
1033 3865 1140 3934 posset
1162 3851 1355 3929 terciusmet,
1380 3849 1468 3933 qnod
1493 3849 1675 3932 imposibile

412 3969 458 4020 est
481 3956 651 4039 perlicere;
675 3969 847 4041 nunquam
866 3970 1031 4020 testatores
1054 3977 1113 4040 pro
1137 3957 1370 4019 reformacione
1387 3955 1495 4018 balnei
1520 3955 1677 4037 legassent

411 4085 467 4147 per
491 4065 561 4128 flor.
586 4079 725 4144 centum,
750 4066 809 4126 nisi
836 4065 954 4127 intuitu
978 4064 1169 4147 pluralitatis
1201 4063 1327 4125 XXIIII.
1351 4080 1574 4145 personarum.
1607 4061 1676 4135 Que

411 4171 543 4234 servicia
567 4171 693 4254 liquent
716 4185 746 4233 et
769 4184 879 4253 patent
902 4191 938 4231 ex
962 4183 1074 4233 tenore
1098 4171 1276 4232 litterarum
1297 4168 1348 4230 hic
1372 4168 1413 4230 ad
1436 4187 1570 4250 presens
1594 4167 1676 4230 dela·

411 4291 515 4339 tarum
555 4297 612 4361 per
646 4279 732 4360 Ipsos
766 4275 1005 4359 prebendarios.
1042 4276 1119 4336 Item
1152 4274 1345 4358 prescripcio
1375 4274 1529 4356 alegetur‚
1564 4274 1676 4356 quiaa

412 4399 540 4446 centum
566 4399 596 4447 et
620 4383 854 4466 quinquagima
878 4381 970 4444 annis
994 4381 1198 4464 prebendarii
1222 4401 1349 4463 semper
1372 4379 1503 4442 fuerunt
1527 4379 1562 4440 in
1595 4379 1676 4462 paci·

412 4491 469 4552 lica
494 4491 706 4573 possessione,
730 4490 821 4551 cuius
845 4489 932 4550 inicii
956 4489 1113 4551 memoria
1136 4488 1307 4550 hominum
1331 4507 1396 4549 non
1420 4497 1516 4548 tenet.
1551 4486 1631 4546 Item
1653 4485 1675 4545 si

412 4597 562 4678 alegaret,
587 4597 675 4678 quod
700 4617 737 4659 ex
761 4595 975 4658 testamentali
998 4594 1165 4676 legacione
1196 4592 1399 4676 prebendarii
1423 4589 1591 4674 possidere
1615 4610 1675 4652 non

311 4712 315 4718 ’
413 4703 566 4782 valerent,
598 4704 673 4785 quia
697 4705 795 4765 abbas
826 4715 857 4765 et
889 4715 1066 4765 conventus
1097 4699 1236 4763 vendere
1268 4719 1333 4761 non
1363 4699 1478 4780 potuit,
1510 4697 1675 4760 manifeste

413 4822 528 4872 sonant
551 4810 642 4871 litere
666 4811 766 4892 ipsius
790 4809 914 4872 abbatis
937 4822 968 4871 et
991 4819 1178 4885 conventus,
1203 4806 1278 4888 quia
1309 4818 1486 4888 spontanea
1502 4804 1675 4881 voluntate,

413 4934 478 4977 non
503 4917 614 4994 coacti,
638 4936 711 4978 cum
736 4936 893 4979 consensu
921 4928 1129 4998 patronorum
1154 4912 1304 4975 videlicet
1337 4911 1481 4994 capituli,
1511 4923 1548 4972 ut
1578 4909 1674 4972 mani-

413 5021 581 5083 festissIme
606 5035 727 5084 constat
751 5043 788 5082 ex
812 5021 988 5106 prIvilegiis
1011 5019 1141 5102 capituli
1173 5038 1268 5102 super
1290 5018 1346 5080 tali
1375 5016 1568 5079 vendicione
1593 5035 1673 5078 ema·
