3752 5806
636 536 707 596 Doc.
718 546 771 610 59.
795 569 829 578 -
849 537 897 592 An
925 531 1015 611 1508.
1332 525 1336 536 “
1413 537 1449 598 61

181 783 217 824 ac
249 762 428 824 consiliarii
461 777 492 824 et
516 762 656 824 universi
680 762 765 824 cives
788 763 923 824 civitatis
951 763 1069 824 montis
1093 761 1272 826 Grecensis.
1299 766 1454 827 Memorie

182 869 455 931 commendamus
499 883 610 931 tenore
651 869 852 950 presencium
898 867 1123 950 significantes,
1170 870 1287 950 quibus
1326 871 1455 953 expedit

182 975 361 1048 universis,
394 975 482 1056 quod
515 977 762 1058 circumspectus
793 977 842 1036 vir
874 975 1046 1053 lohannes,
1079 976 1187 1036 senior
1220 975 1315 1056 judex
1349 991 1454 1038 nostre

184 1081 428 1143 communitatis
451 1095 483 1143 et
506 1081 646 1142 concivis
669 1095 787 1160 noster,
804 1093 945 1143 nostram
969 1081 1101 1142 veniens
1124 1081 1157 1141 in
1180 1083 1377 1163 presenciam
1399 1103 1454 1145 sua

186 1187 273 1250 clara
305 1207 384 1249 voce
404 1187 498 1249 dixit
530 1201 562 1249 et
593 1186 757 1249 confessus
790 1201 836 1249 est
869 1188 902 1249 in
932 1185 1018 1248 hunc
1051 1187 1202 1248 modum:
1228 1200 1263 1249 ut
1287 1189 1364 1250 dum
1388 1189 1455 1272 ipse

185 1293 310 1355 honore
336 1306 367 1354 et
390 1292 499 1355 officio
520 1294 618 1355 nostri
643 1293 801 1374 judicatus
825 1291 1021 1374 fungeretur,
1042 1307 1116 1354 tunc
1141 1294 1294 1376 providus
1318 1295 1455 1357 condam

186 1398 361 1481 Georgius,
382 1419 480 1480 gener
513 1399 650 1461 condam
685 1399 797 1462 Stanse
830 1399 917 1476 dicti,
939 1419 1047 1460 coram
1084 1419 1122 1462 eo
1146 1400 1357 1482 personaliter
1380 1421 1455 1462 con-

185 1506 316 1567 stitutus
347 1519 380 1567 et
410 1504 510 1567 fassus
542 1519 588 1568 est
618 1525 657 1567 eo
685 1505 801 1567 modo:
835 1506 972 1587 qualiter
996 1506 1062 1587 ipse
1087 1506 1261 1586 quamdam
1285 1507 1398 1568 silvam
1424 1509 1454 1568 in

188 1613 351 1674 territorio
382 1611 466 1673 dicre
494 1613 629 1674 civitatis
662 1613 743 1673 inter
765 1613 878 1673 silvam
903 1632 920 1674 a
945 1612 1197 1693 septemtrionali
1222 1612 1375 1674 heredum
1400 1633 1456 1674 seu

188 1737 411 1780 successorum
435 1719 534 1800 ipsius
557 1719 695 1781 condam
717 1718 828 1780 Stanse
845 1718 1062 1780 mediantibus
1079 1718 1272 1800 quibusdam
1289 1719 1457 1780 arboribus

186 1824 339 1885 videlicet
374 1837 519 1888 castanee
552 1839 582 1888 et
615 1845 751 1907 quercus
784 1845 876 1886 cruce
909 1825 1040 1906 signatis
1073 1838 1104 1886 et
1135 1825 1174 1885 ab
1207 1825 1354 1886 orientali
1380 1845 1456 1886 vero

187 1930 292 2012 plagis
316 1931 367 1991 via
391 1931 584 2009 communis,
601 1933 640 1992 ab
661 1931 852 1993 occidentali
874 1931 967 1992 vallis
983 1944 1014 1992 et
1030 1930 1146 1992 fluvius
1162 1943 1305 2012 tempore
1322 1930 1455 2012 pluviali

187 2035 363 2097 decurrens
393 2049 424 2098 et
454 2055 472 2097 a
504 2037 707 2099 meridionali
739 2037 882 2118 partibus
914 2036 1006 2098 vinea
1031 2035 1165 2098 Fabiani
1196 2036 1235 2097 de
1264 2037 1457 2098 Werhowcz

187 2142 294 2228 sitam,
325 2141 468 2204 habitam
497 2155 528 2203 et
559 2143 757 2220 existentem,
782 2143 888 2224 ipsum
912 2142 1033 2204 scilicet
1055 2141 1193 2204 condam
1218 2141 1365 2204 Stansam
1389 2143 1456 2224 jure

187 2248 343 2330 empticio
359 2261 606 2311 concernentem
627 2249 723 2310 simul
741 2267 814 2310 curn
832 2248 984 2310 omnibus
1000 2248 1144 2310 eiusdem
1162 2248 1240 2309 silve
1256 2249 1456 2327 utilitatibus,

188 2353 324 2434 juribus,
348 2355 460 2416 usibus
489 2369 521 2416 et
547 2355 752 2438 pertinenciis
776 2355 932 2416 universis
956 2353 1100 2436 predicto
1125 2354 1270 2416 Fabiano
1295 2355 1396 2437 Milyn
1422 2375 1457 2416 ac

188 2459 364 2522 heredibus
388 2461 544 2523 universis
568 2461 666 2542 ipsius
689 2461 823 2522 Fabiani
850 2479 908 2542 pro
924 2461 1025 2521 tribus
1045 2459 1174 2521 florenis
1190 2460 1259 2521 auri
1274 2461 1314 2520 ab
1330 2460 1457 2539 eodem,

190 2567 235 2626 uri
260 2567 356 2627 nobis
373 2567 507 2647 ipsemet
529 2566 648 2646 retulit,
665 2567 751 2648 prius
774 2566 868 2648 plene
893 2566 1003 2627 levatis
1020 2579 1050 2626 et
1066 2565 1233 2647 perceptis,
1252 2566 1456 2644 vendidisset,

189 2671 374 2733 tradidisset
413 2686 443 2735 et
482 2673 700 2755 inscripsisset,
741 2673 841 2734 immo
881 2672 1035 2750 vendidit,
1069 2671 1200 2732 tradidit
1234 2684 1265 2732 et
1299 2671 1458 2752 inscripsit

190 2797 298 2839 coram
323 2779 418 2839 nobis
442 2778 509 2858 jure
532 2792 686 2861 perpetuo
703 2791 734 2840 et
749 2778 1000 2840 irrevocabiliter
1015 2777 1198 2856 tenendam,
1216 2777 1457 2859 possidendam,

189 2885 308 2966 pariter
331 2897 363 2946 et
387 2884 578 2964 habendam,
595 2905 631 2946 ac
656 2885 741 2946 iuxta
765 2884 988 2946 condicionem
1014 2882 1150 2945 civitatis
1174 2882 1395 2964 prenominate
1418 2883 1457 2944 ab

189 2988 327 3072 antiquo
344 2991 585 3072 privilegialiter
604 2992 814 3072 approbatam
835 3009 1041 3071 quocumque
1059 2988 1196 3050 voluerit
1213 2988 1457 3069 disponendam.

191 3096 224 3156 ln
242 3097 335 3158 cuius
352 3097 395 3157 rei
413 3097 614 3174 memoriam,
631 3095 878 3176 firmitatemque
897 3109 1082 3177 perpetuam
1100 3095 1299 3175 presentibus
1315 3095 1456 3175 sigillum

191 3217 337 3262 nostrum
371 3221 543 3263 commune
575 3201 725 3262 duximus
756 3201 1016 3284 appendendum.
1042 3201 1158 3261 Datum
1188 3198 1263 3260 feria
1289 3214 1401 3280 quarta
1425 3200 1457 3262 in

190 3306 334 3388 profesto
367 3308 534 3369 beatorum
559 3307 692 3368 Fabiani
724 3320 754 3368 et
788 3307 964 3369 Sebastiam
997 3305 1173 3367 martirum.
1206 3308 1301 3367 Anno
1333 3306 1457 3367 domini

191 3413 368 3475 millesimo
392 3413 651 3494 quingentesimo
675 3425 800 3474 octavu.

299 3534 437 3600 Originale
463 3535 488 3586 iu
514 3537 672 3588 membrana.
695 3535 717 3586 Α
742 3540 819 3600 tergo
845 3533 1003 3599 impressum
1025 3538 1065 3584 est
1084 3531 1200 3598 sigillum
1221 3530 1344 3598 Gregorii
1362 3533 1458 3596 judicis

189 3625 268 3675 Grec.
290 3621 318 3675 lu
338 3623 433 3676 arohiv,
455 3623 513 3674 incl.
527 3623 619 3676 decad.
638 3621 734 3676 Solent.
755 3621 857 3676 Slavor.
877 3625 967 3674 merid.

796 3853 857 3918 59.

300 3994 374 4046 Anno
397 3995 471 4058 1508,
490 3989 531 4045 15.
547 3992 667 4060 januarii.
691 3993 788 4046 Budare.

198 4121 381 4194 uratislaus,
403 4121 580 4194 Hungariae
594 4127 641 4182 etc.
657 4140 719 4190 rex,
730 4121 876 4194 praecipit
888 4117 1088 4177 communitati
1100 4121 1234 4188 ciuitatis,
1249 4126 1283 4174 ut
1303 4117 1459 4190 Georgium

190 4229 224 4284 de
246 4226 371 4285 Kanrio
394 4226 499 4283 bonum
530 4227 656 4302 adjumt,
681 4228 710 4284 si
735 4226 869 4284 Andreas
901 4225 986 4294 Both,
1010 4224 1101 4281 banus·
1119 4225 1270 4297 pristtnus,
1293 4225 1459 4297 dtgnitatem

345 4332 477 4390 banalem
501 4332 637 4390 abdicare
659 4351 778 4406 eamque
807 4331 934 4405 Georgia
956 4331 1071 4388 tradere
1092 4328 1310 4403 repugnarent.

882 4465 1040 4519 commissio
1060 4466 1169 4531 propria
1188 4465 1286 4517 domini
1306 4464 1387 4529 regis.

301 4593 501 4654 Wladislaus
524 4593 575 4653 dei
598 4593 703 4673 gracia
728 4611 781 4652 rex
799 4591 963 4672 Hungarie
989 4603 1020 4652 et
1037 4590 1191 4652 Bobemie
1208 4603 1267 4650 etc.
1285 4587 1461 4650 Prudentes

193 4713 224 4764 et
256 4699 489 4780 circumspecti,
522 4697 633 4760 fideles
665 4698 759 4760 nobis
790 4697 909 4759 dilecti.
942 4696 1065 4775 Sciatis,
1097 4695 1184 4776 quod
1217 4714 1275 4756 nos
1307 4695 1459 4784 baustum

194 4807 327 4868 illorum
350 4823 525 4886 regnorum
548 4819 731 4866 nostrorum
756 4801 930 4882 Dalmacie,
948 4801 1083 4864 Croacie
1107 4815 1138 4862 et
1163 4800 1334 4862 Sclauonie
1357 4800 1413 4860 sed
1430 4811 1461 4859 et

195 4913 431 4994 capitaneorum
458 4910 665 4991 Segniensem
691 4929 708 4970 a
732 4907 881 4970 fidelibus
905 4909 1020 4968 nostris
1038 4905 1216 4988 magnificis
1233 4905 1360 4966 Andrea
1379 4904 1460 4966 Both

196 5018 236 5078 de
268 5019 376 5099 Bayna
411 5031 441 5077 et
470 5016 578 5077 Marco
610 5014 765 5076 Horwath
797 5015 836 5075 de
866 5013 1057 5095 Kanychacz
1089 5011 1288 5089 sufferentes,
1311 5009 1461 5070 fidelibus
