3808 5792
632 565 707 626 Doc.
731 559 804 638 169.
828 597 872 608 -
895 566 953 625 An.
978 576 1062 639 1521.
1415 581 1477 644 ²09

213 791 302 870 latas,
323 802 435 873 petens
459 809 518 852 nos
541 789 649 851 debita
669 809 742 852 cum
767 789 921 851 instancia
951 802 1110 871 quatenus
1137 803 1283 852 tenorem
1300 790 1477 853 earundem

211 897 411 979 presentibus
435 895 547 958 litteris
571 895 688 957 nostris
710 895 900 957 transummi
925 895 1141 976 dignaremur.
1167 897 1315 970 Quarum
1334 897 1430 958 unius
1447 910 1479 957 et

212 1004 313 1086 prime
337 1018 429 1064 tenor
445 1002 518 1064 talis
534 1015 599 1063 est:
625 1000 712 1083 (vide
736 1001 800 1062 vol.
823 1001 858 1064 ll.
881 1001 961 1064 Doc.
994 1003 1041 1065 16.
1071 1002 1110 1064 de
1135 1023 1220 1064 anno
1254 1023 1335 1085 1409
1366 1003 1418 1065 die
1449 1005 1481 1074 6,

212 1109 311 1190 tulii).
356 1109 497 1170 Alterius
531 1127 608 1169 vero
643 1107 845 1170 continencia
880 1108 1017 1170 verbalis
1053 1122 1120 1171 erat
1154 1109 1357 1171 huiusmodi:
1397 1107 1481 1192 (vid.

212 1215 276 1276 vol.
294 1215 329 1278 ll.
347 1216 426 1277 Doc.
442 1213 554 1296 49.'de
578 1234 664 1275 anno
694 1233 785 1297 1427.
806 1213 857 1275 die
876 1234 927 1295 24.
946 1215 1105 1298 Augusti).
1130 1215 1225 1278 Unde
1249 1235 1308 1278 nos
1331 1214 1421 1296 justis
1446 1228 1477 1276 et

211 1320 272 1402 juri
296 1321 447 1383 consonis
471 1319 687 1402 peticionibus
711 1338 769 1402 pro
801 1332 888 1402 parte
921 1333 952 1382 et
976 1320 1007 1381 in
1039 1341 1175 1403 persona
1211 1340 1351 1402 quorum
1382 1341 1480 1404 supra

211 1426 310 1488 modo
334 1416 668 1508 premisso'porrectis
691 1426 771 1487 moti
796 1419 827 1487 et
850 1426 1005 1504 inclinati,
1029 1428 1218 1510 proscriptas
1242 1429 1333 1489 binas
1359 1427 1483 1489 litteras

211 1533 254 1594 sic
280 1547 314 1594 ut
337 1531 493 1614 prefertur
517 1530 678 1594 confectas
702 1545 734 1593 et
761 1545 936 1612 emanatas,
953 1551 1019 1594 non
1037 1533 1177 1612 viciatus,
1194 1553 1259 1595 non
1278 1533 1478 1611 cancellatas,

210 1639 266 1700 sed
312 1639 401 1700 omni
434 1657 564 1720 prorsus
599 1638 682 1699 vicio
719 1637 910 1719 suspicionis
945 1629 1098 1718 carentes,
1133 1639 1333 1721 presentibus
1366 1638 1479 1700 litteris

210 1744 325 1806 nostris
348 1745 531 1826 patentibus
565 1743 661 1805 inseri
697 1757 729 1806 et
752 1743 880 1805 inscribi
906 1741 1068 1824 facientes,
1094 1743 1224 1826 prelatis
1252 1744 1385 1822 decano,
1410 1744 1476 1805 col·

211 1851 296 1932 legio
320 1865 351 1912 et
373 1850 431 1912 toti
457 1850 692 1929 communitati,
716 1850 787 1931 lege
812 1848 901 1930 regni
924 1849 1106 1932 requirente
1123 1863 1155 1912 et
1170 1851 1334 1912 communi
1352 1850 1478 1912 iusticia

211 1956 373 2035 svadente,
399 1955 549 2017 duximus
572 1955 795 2017 concedendas
818 1955 937 2036 jurium
961 1975 1094 2018 suorum
1118 1975 1176 2038 pro
1200 1956 1336 2035 cautela,
1363 1957 1477 2018 harum

209 2075 390 2124 nostrarum
422 2062 535 2142 vigore
559 2075 590 2123 et
622 2061 808 2123 testimonio
840 2061 1017 2122 litterarum
1049 2062 1221 2124 mediante.
1253 2061 1372 2124 Datum
1404 2060 1481 2123 feria

208 2169 305 2229 tercia
330 2167 475 2250 proxima
500 2180 574 2249 post
596 2165 712 2228 festum
736 2165 944 2229 exaltacionis
964 2180 1071 2228 sancte
1096 2167 1218 2230 Crucis.
1236 2172 1332 2230 Anno
1356 2167 1480 2230 domini
1580 2215 1584 2220 .

210 2273 385 2336 millesimo
410 2275 671 2356 quingentesimo
696 2274 864 2357 vigesimo.

315 2405 452 2470 Originale
473 2406 497 2457 in
517 2407 614 2458 charta.
635 2407 663 2458 ln
688 2408 796 2458 archivo
816 2419 874 2459 ven.
898 2404 1007 2468 capituli
1028 2407 1135 2471 zagrab.
1156 2406 1215 2457 Act.
1246 2419 1303 2470 cap.
1333 2409 1386 2456 ant.
1407 2405 1469 2456 lasc.

209 2495 250 2546 76.
271 2509 308 2547 nr.
330 2495 372 2547 34.

804 2689 889 2756 169.

313 2847 391 2897 Anno
412 2845 488 2899 1521.
509 2847 533 2900 3.
553 2847 623 2900 mall.
643 2845 798 2911 Zagrabiae.

208 2973 412 3046 Magistratus
434 2974 560 3031 ciuitatis
582 2992 659 3032 noua
674 2981 786 3032 statuta
802 2975 1026 3048 calcariaamm,
1044 2982 1205 3033 serstorum
1221 2982 1251 3034 et
1270 2972 1476 3054 gladiatorum

609 3081 736 3138 civitatis
759 3081 878 3154 aagrab.
903 3081 1075 3155 comprobat.

314 3227 381 3288 Nos
407 3226 597 3310 Stephanus,
622 3226 706 3290 filius
731 3227 906 3306 Michaelis,
930 3227 1026 3308 judex
1051 3240 1082 3290 et
1105 3227 1198 3309 jurati
1230 3229 1314 3290 cives
1346 3249 1381 3291 ac
1413 3242 1479 3290 tota

208 3333 423 3394 communitas
447 3333 566 3394 civium
590 3351 647 3394 seu
670 3331 834 3414 hospitum
860 3333 959 3395 libere
984 3334 1071 3414 regie
1095 3333 1230 3395 civitatis
1254 3335 1374 3396 montis
1401 3333 1480 3396 Gre-

208 3439 321 3500 censis.
343 3437 394 3499 Ad
419 3451 561 3500 eternam
585 3439 630 3499 rei
666 3439 868 3500 memoriam.
902 3438 1001 3500 Decet
1031 3458 1096 3517 eos,
1131 3439 1186 3520 qui
1221 3438 1261 3500 ad
1306 3439 1481 3522 reipublice

205 3544 440 3626 gubernamine
465 3545 505 3606 ad
531 3545 768 3626 commodaque
795 3557 826 3606 et
849 3544 1001 3606 utilitates
1032 3543 1210 3606 salutiferas
1242 3544 1397 3627 proficere
1431 3546 1479 3606 ni-

211 3663 333 3730 tuntur,
358 3651 565 3733 deprecantes
589 3651 727 3732 benigne
752 3643 913 3712 elaudire.
938 3649 1022 3712 Cum
1047 3650 1155 3731 itaque
1178 3651 1290 3712 mundi
1314 3651 1420 3713 labilis
1441 3651 1481 3712 sit

208 3755 357 3818 condicio
382 3770 413 3818 et
437 3757 567 3835 caduca,
599 3769 634 3818 ut
665 3770 754 3838 geste
786 3757 831 3818 rei
863 3757 1020 3818 memoria
1051 3769 1180 3838 propter
1210 3757 1309 3818 vitam
1350 3751 1479 3818 brevem

207 3861 359 3942 hominis,
381 3863 437 3924 tali
462 3863 598 3943 caligine
623 3863 800 3924 oblivionis
823 3861 998 3941 obfuscata,
1016 3875 1179 3943 nequeant
1195 3861 1227 3922 in
1245 3881 1340 3924 evum
1363 3862 1478 3944 perdu-

207 3988 287 4047 rare,
312 3968 445 4050 provida
469 3968 610 4030 hominis
633 3967 817 4030 sollicitudo
842 3968 1017 4046 adinvenit,
1041 3979 1075 4028 ut
1103 3987 1151 4045 ea,
1185 3985 1248 4048 que
1272 3968 1303 4029 in
1335 3981 1480 4050 ternpore

206 4086 346 4154 aguntur
370 4093 410 4135 ne
445 4073 541 4135 simul
565 4074 714 4136 labantur
748 4093 821 4135 cum
849 4073 965 4134 eodem
990 4071 1153 4134 literarum
1187 4073 1367 4154 patrocinio
1405 4073 1479 4134 soli-

207 4179 334 4240 dantur.
359 4179 497 4241 Proinde
520 4179 560 4240 ad
584 4176 818 4262 ,universorum
851 4179 1003 4241 noticiam
1048 4192 1113 4240 tam
1144 4179 1346 4261 presencium
1381 4197 1479 4260 quam

208 4282 391 4352 futurorum
415 4283 528 4347 harum
552 4286 632 4346 serie
656 4286 808 4347 volumus
835 4285 1012 4367 pervenire,
1046 4285 1134 4365 quod
1166 4285 1260 4346 nobis
1291 4285 1409 4366 pariter
1447 4285 1479 4346 in

207 4410 309 4452 unum
336 4391 613 4471 convenientibus,
637 4391 810 4474 prudentes
834 4404 864 4452 et
887 4390 1107 4472 circumspecti
1131 4390 1191 4450 viri
1208 4390 1350 4472 magistri
1378 4391 1479 4452 calca-

207 4495 328 4578 ripares
345 4510 376 4558 et
399 4511 564 4576 seratores,
578 4517 703 4558 necnon
729 4495 809 4559 labri
824 4516 860 4557 ac
882 4496 1076 4577 gladiatores
1095 4495 1195 4577 vulgo
1212 4495 1381 4578 chyzarok,
1404 4515 1479 4557 con-

207 4602 294 4664 cives
317 4603 427 4679 nostri,
451 4603 671 4685 supplicarunt
694 4603 787 4664 nobis
822 4601 928 4662 debita
952 4621 1025 4662 curn
1049 4620 1181 4682 precum
1206 4601 1371 4680 instancia,
1401 4620 1479 4684 qua-

206 4720 300 4769 tenus
323 4727 385 4769 nos
419 4708 574 4789 quasdam
598 4708 720 4769 litteras
743 4707 926 4790 spectabilis
950 4719 981 4768 et
1003 4705 1164 4787 magnifici
1189 4705 1327 4767 condam
1355 4705 1478 4768 domini

207 4813 347 4874 Emerici
372 4812 412 4874 de
432 4813 544 4892 Peren,
568 4813 647 4875 alias
670 4815 796 4875 comitis
819 4813 965 4895 perpetui
990 4812 1160 4874 comitatus
1189 4812 1479 4894 abawywariensis,

207 4919 364 5000 regnique
388 4919 555 5000 Hungarie
591 4919 725 5002 palatini
761 4933 791 4980 et
822 4919 936 5000 judicis
968 4919 1189 4981 Comanorum
1222 4917 1262 4979 de
1292 4930 1368 4979 tunc
1405 4937 1478 4979 cum

207 5039 354 5087 emanate
379 5023 522 5104 luissent,
544 5025 737 5087 serenissimi
762 5025 899 5087 condam
933 5025 1086 5107 principis
1117 5037 1147 5085 et
1180 5023 1314 5100 domini,
1353 5023 1476 5084 domini

1334 5147 1372 5208 ¹4
